<?xml version = "1.0" encoding = "UTF-8"?><OAI-PMH xmlns="http://www.openarchives.org/OAI/2.0/" xmlns:xsi="http://www.w3.org/2001/XMLSchema-instance" xsi:schemaLocation="http://www.openarchives.org/OAI/2.0/ http://www.openarchives.org/OAI/2.0/OAI-PMH.xsd"><ListRecords><record><header><identifier>aleph-publish:005408995</identifier></header><metadata><record xmlns="http://www.ddb.de/professionell/mabxml/mabxml-1.xsd"><leader>00000nM2.01200024------h</leader><controlfield tag="LDR">00000nM2.01200024------h</controlfield><controlfield tag="FMT">MH</controlfield><datafield tag="001" ind1="-" ind2="1"><subfield code="a">HT001387709</subfield></datafield><datafield tag="002" ind1="a" ind2="1"><subfield code="a">19991119</subfield></datafield><datafield tag="003" ind1="-" ind2="1"><subfield code="a">20230312170000.0</subfield></datafield><datafield tag="016" ind1="-" ind2="1"><subfield code="a">1485854-X</subfield></datafield><datafield tag="020" ind1="a" ind2="1"><subfield code="a">204679-9</subfield><subfield code="b">DNB</subfield></datafield><datafield tag="025" ind1="a" ind2="1"><subfield code="a">011172355</subfield></datafield><datafield tag="025" ind1="z" ind2="1"><subfield code="a">204679-9</subfield></datafield><datafield tag="025" ind1="o" ind2="1"><subfield code="a">165544004</subfield></datafield><datafield tag="026" ind1="-" ind2="1"><subfield code="a">ZDB204679-9</subfield></datafield><controlfield tag="030">a||u|||||||37</controlfield><datafield tag="036" ind1="a" ind2="1"><subfield code="a">XA-DE</subfield></datafield><datafield tag="037" ind1="b" ind2="1"><subfield code="a">ger</subfield></datafield><controlfield tag="050">a|a|||||||||||</controlfield><controlfield tag="052">z||||||aw||||||</controlfield><datafield tag="060" ind1="-" ind2="1"><subfield code="b">txt</subfield><subfield code="a">Text</subfield></datafield><datafield tag="061" ind1="-" ind2="1"><subfield code="b">n</subfield><subfield code="a">ohne Hilfsmittel zu benutzen</subfield></datafield><datafield tag="061" ind1="-" ind2="1"><subfield code="b">h</subfield><subfield code="a">Mikroform</subfield></datafield><datafield tag="062" ind1="-" ind2="1"><subfield code="b">nc</subfield><subfield code="a">Band</subfield></datafield><datafield tag="062" ind1="-" ind2="1"><subfield code="b">he</subfield><subfield code="a">Mikrofiche</subfield></datafield><datafield tag="062" ind1="-" ind2="1"><subfield code="b">hj</subfield><subfield code="a">Mikrofilmrolle</subfield></datafield><datafield tag="064" ind1="a" ind2="1"><subfield code="a">Zeitung</subfield><subfield code="9">(DE-588)4067510-5</subfield></datafield><datafield tag="070" ind1="-" ind2="1"><subfield code="a">9001</subfield></datafield><datafield tag="070" ind1="a" ind2="1"><subfield code="a">DNB</subfield></datafield><datafield tag="070" ind1="b" ind2="1"><subfield code="a">9999</subfield></datafield><datafield tag="076" ind1="c" ind2="1"><subfield code="a">sm mg</subfield></datafield><datafield tag="078" ind1="n" ind2="1"><subfield code="a">NWBib-Zeitschrift</subfield></datafield><datafield tag="100" ind1="b" ind2="1"><subfield code="p">Augstein, Rudolf</subfield><subfield code="d">1923-2002</subfield><subfield code="4">oth</subfield><subfield code="3">Sonstige</subfield><subfield code="9">(DE-588)118651080</subfield></datafield><datafield tag="101" ind1="-" ind2="1"><subfield code="p">Lu dol peu A u keu syu ta in</subfield><subfield code="d">1923-2002</subfield></datafield><datafield tag="101" ind1="-" ind2="1"><subfield code="p">Ludolpeu-Aukeusyutain</subfield><subfield code="d">1923-2002</subfield></datafield><datafield tag="101" ind1="-" ind2="1"><subfield code="p">Aukeusyutain, Ludolpeu</subfield><subfield code="d">1923-2002</subfield></datafield><datafield tag="101" ind1="-" ind2="1"><subfield code="p">Auk&apos;ŭsyut&apos;ain, Rudolp&apos;ŭ</subfield><subfield code="d">1923-2002</subfield></datafield><datafield tag="101" ind1="-" ind2="1"><subfield code="p">Daniel, Jens</subfield><subfield code="d">1923-2002</subfield></datafield><datafield tag="101" ind1="-" ind2="1"><subfield code="p">Lu dao fu Ao ge si tan</subfield><subfield code="d">1923-2002</subfield></datafield><datafield tag="101" ind1="-" ind2="1"><subfield code="p">Ludaofu-Aogesitan</subfield><subfield code="d">1923-2002</subfield></datafield><datafield tag="101" ind1="-" ind2="1"><subfield code="p">Aogesitan, Ludaofu</subfield><subfield code="d">1923-2002</subfield></datafield><datafield tag="101" ind1="-" ind2="1"><subfield code="p">Pfeil, Moritz</subfield><subfield code="d">1923-2002</subfield></datafield><datafield tag="101" ind1="-" ind2="1"><subfield code="p">Augstein, R.</subfield><subfield code="d">1923-2002</subfield></datafield><datafield tag="104" ind1="b" ind2="1"><subfield code="p">Böhme, Erich</subfield><subfield code="d">1930-2009</subfield><subfield code="4">pbd</subfield><subfield code="3">Chefredakteur</subfield><subfield code="9">(DE-588)120868202</subfield></datafield><datafield tag="108" ind1="b" ind2="1"><subfield code="p">Aust, Stefan</subfield><subfield code="d">1946-</subfield><subfield code="4">pbd</subfield><subfield code="3">Chefredakteur</subfield><subfield code="9">(DE-588)115782052</subfield></datafield><datafield tag="331" ind1="-" ind2="1"><subfield code="a">&lt;&lt;Der&gt;&gt; Spiegel</subfield></datafield><datafield tag="370" ind1="a" ind2="1"><subfield code="a">&lt;&lt;Der&gt;&gt; Spiegel &lt;Hamburg&gt;</subfield></datafield><datafield tag="370" ind1="a" ind2="1"><subfield code="a">Syndication-Erstrecht an New-York-times-Inhalten</subfield></datafield><datafield tag="370" ind1="a" ind2="1"><subfield code="a">&lt;&lt;Der&gt;&gt; Spiegel &lt;Hamburg&gt; / Spezial</subfield></datafield><datafield tag="370" ind1="a" ind2="1"><subfield code="a">Spiegel-DVD</subfield></datafield><datafield tag="370" ind1="a" ind2="1"><subfield code="a">Spiegel DVD</subfield></datafield><datafield tag="375" ind1="e" ind2="1"><subfield code="a">&lt;&lt;Diese&gt;&gt; Woche</subfield><subfield code="f">Hauptsacht. bis 1.1946,6</subfield></datafield><datafield tag="375" ind1="e" ind2="1"><subfield code="a">&lt;&lt;das&gt;&gt; deutsche Nachrichten-Magazin</subfield><subfield code="f">Zusatz anfangs</subfield></datafield><datafield tag="376" ind1="b" ind2="1"><subfield code="a">SPILB</subfield></datafield><datafield tag="376" ind1="a" ind2="1"><subfield code="a">Spiegel</subfield></datafield><datafield tag="376" ind1="c" ind2="1"><subfield code="a">&lt;&lt;Der&gt;&gt; Spiegel (Hamburg)</subfield></datafield><datafield tag="405" ind1="-" ind2="1"><subfield code="a">1.1946,1(16.Nov.)-6[?]; 1.1947,1(4.Jan.) - 52.1998; 1999 -</subfield></datafield><datafield tag="406" ind1="a" ind2="1"><subfield code="d">1</subfield><subfield code="e">1</subfield><subfield code="b">16</subfield><subfield code="c">11</subfield><subfield code="j">1946</subfield><subfield code="n">1</subfield><subfield code="o">6</subfield><subfield code="k">1946</subfield></datafield><datafield tag="406" ind1="a" ind2="1"><subfield code="d">1</subfield><subfield code="e">1</subfield><subfield code="b">4</subfield><subfield code="c">1</subfield><subfield code="j">1947</subfield><subfield code="n">52</subfield><subfield code="k">1998</subfield></datafield><datafield tag="406" ind1="b" ind2="1"><subfield code="j">1999</subfield></datafield><datafield tag="419" ind1="-" ind2="1"><subfield code="a">Hamburg</subfield><subfield code="b">Spiegel-Verlag Rudolf Augstein</subfield><subfield code="c">1946-</subfield><subfield code="A">3</subfield></datafield><datafield tag="419" ind1="-" ind2="1"><subfield code="a">Hannover</subfield><subfield code="c">-1952</subfield><subfield code="A">2</subfield></datafield><datafield tag="419" ind1="-" ind2="1"><subfield code="a">Hamburg</subfield><subfield code="b">Spiegel-Verl. Augstein</subfield><subfield code="c">früher</subfield><subfield code="A">2</subfield></datafield><datafield tag="425" ind1="b" ind2="1"><subfield code="a">1946</subfield></datafield><datafield tag="431" ind1="-" ind2="1"><subfield code="a">Bis 1998 jährl. Index, Forts. ab 1999 ff. im Spiegel-Archiv im Internet oder Spiegel-Jahrgangs-CD-ROM</subfield></datafield><datafield tag="435" ind1="-" ind2="1"><subfield code="a">28 cm</subfield></datafield><datafield tag="437" ind1="-" ind2="1"><subfield code="a">DVDs</subfield></datafield><datafield tag="501" ind1="-" ind2="1"><subfield code="a">Ungezählte Beilage ab 2015: Spiegel DVD. - Ab 2016 einzelne Bände zugleich Bände von: Der @Spiegel. Chronik .... - Repr.: Dreieich : Melzer; Königstein, Ts. : Athenäum, 1980 - 1983; Ismaning : Spodat</subfield></datafield><datafield tag="509" ind1="-" ind2="1"><subfield code="p">Begr. u. Hrsg.</subfield><subfield code="a">Rudolf Augstein; verantw. Red. 1973 - 1990: Erich Böhme; Stefan Aust; Verl.-Ltr.: Fried von Bismarck</subfield></datafield><datafield tag="521" ind1="-" ind2="1"><subfield code="p">Namenregister; ungezählte Beil.</subfield><subfield code="a">Syndication-Erstrecht an New-York-times-Inhalten;  ab 2010: Spezial</subfield></datafield><datafield tag="523" ind1="-" ind2="1"><subfield code="a">Jahrgangszählung ab 71. Jahrgang, Heft 13 (24. März 2018); 71. Jahrgang, Heft 19-72. Jahrgang, Heft 18 in der Zählung ausgelassen; Periodizität: wöchentl.</subfield></datafield><datafield tag="537" ind1="-" ind2="1"><subfield code="a">(üa/Z) (ab 1994 Zählung vom Registertitelbl.) Q!</subfield></datafield><datafield tag="542" ind1="a" ind2="1"><subfield code="a">0038-7452</subfield></datafield><datafield tag="542" ind1="a" ind2="1"><subfield code="a">0038-7452</subfield><subfield code="b">(ISSN-Zentrum für Deutschland)</subfield></datafield><datafield tag="583" ind1="-" ind2="1"><subfield code="a">Archivierung/Langzeitarchivierung gewährleistet</subfield><subfield code="f">PEHH</subfield><subfield code="5">DE-18</subfield><subfield code="2">pdager</subfield></datafield><datafield tag="610" ind1="-" ind2="1"><subfield code="a">Mikrofiche-Ausg.</subfield></datafield><datafield tag="610" ind1="a" ind2="1"><subfield code="a">Hamburg : Alphacom. - Mikrofiche-Ausg.: Wohltorf : IOS-Echo-GmbH. - Mikrofiche-Ausg.: Berlin : ADN. - Mikrofilm-Ausg.: Woodbridge, Conn. : Primary Source Media, 2000. Mikrofilme ; 16 mm</subfield></datafield><datafield tag="611" ind1="-" ind2="1"><subfield code="a">Mikrofiche-Ausg.</subfield><subfield code="a">Hamburg</subfield></datafield><datafield tag="613" ind1="-" ind2="1"><subfield code="a">Mikrofiche-Ausg.</subfield><subfield code="a">Alphacom</subfield></datafield><datafield tag="614" ind1="-" ind2="1"><subfield code="a">Mikrofiche-Ausg.</subfield><subfield code="a">Wohltorf</subfield></datafield><datafield tag="616" ind1="-" ind2="1"><subfield code="a">Mikrofiche-Ausg.</subfield><subfield code="a">IOS-Echo-GmbH</subfield></datafield><datafield tag="619" ind1="b" ind2="1"><subfield code="a">2000</subfield></datafield><datafield tag="619" ind1="c" ind2="1"><subfield code="a">2000</subfield></datafield><datafield tag="676" ind1="-" ind2="1"><subfield code="g">Hamburg</subfield><subfield code="4">dbp</subfield><subfield code="3">Vertriebsort</subfield><subfield code="9">(DE-588)4023118-5</subfield></datafield><datafield tag="676" ind1="-" ind2="1"><subfield code="g">Hannover</subfield><subfield code="4">dbp</subfield><subfield code="3">Vertriebsort</subfield><subfield code="9">(DE-588)4023349-2</subfield></datafield><datafield tag="700" ind1="-" ind2="1"><subfield code="a">050</subfield><subfield code="2">DNB</subfield></datafield><datafield tag="700" ind1="-" ind2="1"><subfield code="a">790</subfield><subfield code="2">ZDB</subfield></datafield><datafield tag="700" ind1="l" ind2="1"><subfield code="a">100 ; 620 ; 700</subfield></datafield><datafield tag="700" ind1="w" ind2="1"><subfield code="a">012000*zs</subfield></datafield><datafield tag="700" ind1="g" ind2="1"><subfield code="a">AZ 90000</subfield></datafield><datafield tag="700" ind1="g" ind2="1"><subfield code="a">AZ 10000</subfield></datafield><datafield tag="770" ind1="-" ind2="1"><subfield code="i">1988 - 2010,1 Beil.</subfield><subfield code="t">&lt;&lt;Der&gt;&gt; Spiegel &lt;Hamburg&gt; / Spezial. Spezial</subfield><subfield code="d">Hamburg : Spiegel-Verl. Augstein, 1988-</subfield><subfield code="x">1612-6017</subfield><subfield code="9">HT003901125</subfield></datafield><datafield tag="770" ind1="-" ind2="1"><subfield code="i">1990 - 1995 Beil.</subfield><subfield code="t">&lt;&lt;Der&gt;&gt; Spiegel &lt;Hamburg&gt; / Dokument. Dokument</subfield><subfield code="d">Hamburg : Spiegel-Verl. Augstein, 1990-1995</subfield><subfield code="9">HT003685667</subfield></datafield><datafield tag="770" ind1="-" ind2="1"><subfield code="i">Supplement</subfield><subfield code="n">1992 [?]-1993 [?]</subfield><subfield code="t">&lt;&lt;Der&gt;&gt; Spiegel. Buchmarkt ...</subfield><subfield code="d">Hamburg : Spiegel-Verlag Rudolf Augstein GmbH &amp; Co. KG, [1992?-1993?]</subfield><subfield code="h">Bände</subfield><subfield code="9">HT019403952</subfield></datafield><datafield tag="770" ind1="-" ind2="1"><subfield code="i">Beil.:</subfield><subfield code="t">Uni-Spiegel</subfield><subfield code="d">Hamburg : Spiegel-Verl. Augstein, 1998-2019</subfield><subfield code="9">HT010627685</subfield></datafield><datafield tag="770" ind1="-" ind2="1"><subfield code="i">1996 - 2003 Beil.</subfield><subfield code="t">Paper news</subfield><subfield code="d">Brüssel : Cepiprint, 1996-2003</subfield><subfield code="9">HT009239347</subfield></datafield><datafield tag="770" ind1="-" ind2="1"><subfield code="i">Index</subfield><subfield code="t">Zeitungs-Index</subfield><subfield code="d">Pullach : Gorzny, 1974-2003</subfield><subfield code="x">0340-0107</subfield><subfield code="9">HT002214826</subfield></datafield><datafield tag="770" ind1="-" ind2="1"><subfield code="i">1995,Juni - 1997,Juni Beil.</subfield><subfield code="t">&lt;&lt;Der&gt;&gt; Spiegel &lt;Hamburg&gt; / Extra. Extra</subfield><subfield code="d">Hamburg : Augstein, 1995-1997</subfield><subfield code="9">HT006834185</subfield></datafield><datafield tag="770" ind1="-" ind2="1"><subfield code="i">1997,Juli - 1998,Nov. Beil.</subfield><subfield code="t">&lt;&lt;Der&gt;&gt; Spiegel &lt;Hamburg&gt; / Kultur extra. Kultur extra</subfield><subfield code="d">Hamburg : Spiegel-Verl. Augstein, 1997-1998</subfield><subfield code="9">HT007616242</subfield></datafield><datafield tag="770" ind1="-" ind2="1"><subfield code="i">1998,Dez. - 2015,Sept. Beil.</subfield><subfield code="t">Kultur-Spiegel</subfield><subfield code="d">Hamburg : Spiegel-Verl. Augstein, 1998-2015</subfield><subfield code="9">HT009424774</subfield></datafield><datafield tag="770" ind1="-" ind2="1"><subfield code="i">2006 - 2013 DVD-Video-Beil.</subfield><subfield code="t">Spiegel-TV</subfield><subfield code="d">Hamburg : Spiegel-TV, 2006-2013</subfield><subfield code="h">DVD-Videos</subfield><subfield code="9">HT014952705</subfield></datafield><datafield tag="770" ind1="-" ind2="1"><subfield code="i">2014 DVD-Video-Beil.</subfield><subfield code="t">Spiegel &lt;Hamburg&gt; / DVD. DVD</subfield><subfield code="d">Hamburg : Spiegel-TV, [2014-2014]</subfield><subfield code="h">DVD-Videos</subfield><subfield code="9">HT018369860</subfield></datafield><datafield tag="770" ind1="-" ind2="1"><subfield code="i">Ab 1998 Beil.</subfield><subfield code="t">&lt;&lt;Der&gt;&gt; Spiegel &lt;Hamburg&gt; / Wahlsonderheft. Wahlsonderheft</subfield><subfield code="d">Hamburg : Spiegel-Verl. Augstein, 1998-</subfield><subfield code="9">HT015595020</subfield></datafield><datafield tag="770" ind1="-" ind2="1"><subfield code="i">Ab 2007 Beil.</subfield><subfield code="t">Spiegel &lt;Hamburg&gt; / Special / Geschichte. Special. Geschichte</subfield><subfield code="d">Hamburg : Spiegel-Verl. Augstein, 2007-2008</subfield><subfield code="9">HT015238157</subfield></datafield><datafield tag="770" ind1="-" ind2="1"><subfield code="i">Supplement</subfield><subfield code="n">2014-2015</subfield><subfield code="t">&lt;&lt;Der&gt;&gt; Spiegel &lt;Hamburg&gt; / Chronik .... Chronik ...</subfield><subfield code="d">Hamburg : Spiegel-Verl., 2012-</subfield><subfield code="x">2195-5387</subfield><subfield code="9">HT017476288</subfield></datafield><datafield tag="770" ind1="-" ind2="1"><subfield code="i">Supplement</subfield><subfield code="n">2013-2014</subfield><subfield code="t">&lt;&lt;Der&gt;&gt; Spiegel &lt;Hamburg&gt; / Job. Job</subfield><subfield code="d">Hamburg : Spiegel-Verl. Augstein, 2013-[2014]</subfield><subfield code="9">HT017647114</subfield></datafield><datafield tag="770" ind1="-" ind2="1"><subfield code="i">Supplement</subfield><subfield code="n">2015-2019</subfield><subfield code="t">Literatur Spiegel</subfield><subfield code="d">Hamburg : Spiegel-Verlag Rudolf Augstein GmbH &amp; Co KG, [2015-2019]</subfield><subfield code="h">Bände</subfield><subfield code="9">HT018769544</subfield></datafield><datafield tag="770" ind1="-" ind2="1"><subfield code="i">Supplement</subfield><subfield code="n">2015-2016</subfield><subfield code="t">Stilvoll</subfield><subfield code="d">Hamburg : Quality Channel GmbH, [2015-2016]</subfield><subfield code="h">Bände</subfield><subfield code="9">HT018819973</subfield></datafield><datafield tag="770" ind1="-" ind2="1"><subfield code="i">Supplement</subfield><subfield code="n">2015-</subfield><subfield code="t">&lt;&lt;Der&gt;&gt; Spiegel. Biografie</subfield><subfield code="d">Hamburg : Spiegel-Verlag Augstein GmbH &amp; Co. KG, 2015-</subfield><subfield code="h">Bände</subfield><subfield code="x">2366-2026</subfield><subfield code="9">HT018808903</subfield></datafield><datafield tag="770" ind1="-" ind2="1"><subfield code="i">Supplement</subfield><subfield code="n">2016 [?]-</subfield><subfield code="t">Starkes Land</subfield><subfield code="d">Hall in Tirol : Ablinger.Garber, [2016?]-</subfield><subfield code="h">Bände</subfield><subfield code="b">Baden-Württemberg</subfield><subfield code="9">HT019472190</subfield></datafield><datafield tag="770" ind1="-" ind2="1"><subfield code="i">Supplement</subfield><subfield code="n">2016 [?]-</subfield><subfield code="t">Starkes Land</subfield><subfield code="d">Hall in Tirol : Ablinger.Garber, [2016?]-</subfield><subfield code="h">Bände</subfield><subfield code="b">Hessen</subfield><subfield code="9">HT019394620</subfield></datafield><datafield tag="770" ind1="-" ind2="1"><subfield code="i">Supplement</subfield><subfield code="n">2017-</subfield><subfield code="t">Starkes Land</subfield><subfield code="d">[Hall in Tirol] : Ablinger &amp; Garber GmbH, [2017]-</subfield><subfield code="h">Bände</subfield><subfield code="b">Österreich</subfield><subfield code="9">HT020681201</subfield></datafield><datafield tag="770" ind1="-" ind2="1"><subfield code="i">Supplement</subfield><subfield code="n">2016-</subfield><subfield code="t">&lt;&lt;Der&gt;&gt; Spiegel</subfield><subfield code="d">Hamburg : Spiegel-Verlag Rudolf Augstein GmbH &amp; Co. KG, [2016]-</subfield><subfield code="h">Bände</subfield><subfield code="x">2367-2765</subfield><subfield code="b">Edition Geschichte</subfield><subfield code="9">HT018988624</subfield></datafield><datafield tag="770" ind1="-" ind2="1"><subfield code="i">Supplement</subfield><subfield code="n">2017-</subfield><subfield code="t">S</subfield><subfield code="d">Hamburg : Spiegel-Verlag Rudolf Augstein GmbH &amp; Co. KG, [2017]-</subfield><subfield code="h">Bände</subfield><subfield code="9">HT019462674</subfield></datafield><datafield tag="770" ind1="-" ind2="1"><subfield code="i">Supplement</subfield><subfield code="n">2017-</subfield><subfield code="t">Wohl</subfield><subfield code="d">Hamburg : SPIEGELnet GmbH, [2017-2018]</subfield><subfield code="h">Bände</subfield><subfield code="9">HT019498637</subfield></datafield><datafield tag="770" ind1="-" ind2="1"><subfield code="i">Supplement</subfield><subfield code="n">2017-</subfield><subfield code="t">&lt;&lt;Der&gt;&gt; Spiegel. Wissen. Extra</subfield><subfield code="d">Hamburg : Spiegel-Verlag Rudolf Augstein GmbH &amp; Co. KG, [2017]-</subfield><subfield code="9">HT019662209</subfield></datafield><datafield tag="770" ind1="-" ind2="1"><subfield code="i">Supplement</subfield><subfield code="n">2018</subfield><subfield code="t">&lt;&lt;Der&gt;&gt; Spiegel. Futura</subfield><subfield code="d">Hamburg : Spiegel-Verlag Rudolf Augstein GmbH &amp; Co. KG, [2018]-</subfield><subfield code="h">Bände</subfield><subfield code="9">HT019845146</subfield></datafield><datafield tag="770" ind1="-" ind2="1"><subfield code="i">Supplement</subfield><subfield code="n">2019-</subfield><subfield code="t">&lt;&lt;Der&gt;&gt; Spiegel. Coaching</subfield><subfield code="d">Hamburg : Spiegel-Verlag Rudolf Augstein GmbH &amp; Co. KG, [2019]-</subfield><subfield code="h">Bände</subfield><subfield code="x">2625-5243</subfield><subfield code="9">HT019748662</subfield></datafield><datafield tag="770" ind1="-" ind2="1"><subfield code="i">Supplement</subfield><subfield code="n">2019-</subfield><subfield code="t">Spiegel. Bestseller</subfield><subfield code="d">Hamburg : Spiegel-Verlag Rudolf Augstein GmbH &amp; Co. KG, [2019]-</subfield><subfield code="h">Bände</subfield><subfield code="9">HT020243583</subfield></datafield><datafield tag="770" ind1="-" ind2="1"><subfield code="i">Supplement</subfield><subfield code="n">2020-</subfield><subfield code="t">Spiegel. Lesezeichen</subfield><subfield code="d">Hamburg : Spiegel-Verlag Rudolf Augstein GmbH &amp; Co. KG, 2020-</subfield><subfield code="h">Bände</subfield><subfield code="x">2698-5454</subfield><subfield code="9">HT020199182</subfield></datafield><datafield tag="770" ind1="-" ind2="1"><subfield code="i">Supplement</subfield><subfield code="n">2020-</subfield><subfield code="t">Spiegel. Geld</subfield><subfield code="d">Hamburg : Spiegel-Verlag Rudolf Augstein, GmbH &amp; Co. KG, [2020]-</subfield><subfield code="h">Bände</subfield><subfield code="9">HT020464862</subfield></datafield><datafield tag="770" ind1="-" ind2="1"><subfield code="i">Supplement</subfield><subfield code="n">2021-</subfield><subfield code="t">Spiegel. Leben</subfield><subfield code="d">Hamburg : Spiegel GmbH &amp; Co. KG, [2021]-</subfield><subfield code="h">Bände</subfield><subfield code="9">HT021132202</subfield></datafield><datafield tag="770" ind1="-" ind2="1"><subfield code="i">Supplement</subfield><subfield code="n">2021-</subfield><subfield code="t">Spiegel. Start</subfield><subfield code="d">Hamburg : Spiegel-Verlag Rudolf Augstein GmbH &amp; Co. KG, [2021]-</subfield><subfield code="h">Bände</subfield><subfield code="9">HT021120334</subfield></datafield><datafield tag="776" ind1="-" ind2="1"><subfield code="i">Erscheint auch als</subfield><subfield code="n">CD-ROM- u. DVD-Ausg.</subfield><subfield code="t">&lt;&lt;Der&gt;&gt; Spiegel &lt;Hamburg&gt; / Jahresausgabe. [Jahresausgabe]</subfield><subfield code="d">Hamburg : Spiegel-Verl. Augstein, 1989-2006</subfield><subfield code="h">CD-ROMs + DVDs</subfield><subfield code="9">HT007192680</subfield></datafield><datafield tag="776" ind1="-" ind2="1"><subfield code="i">Erscheint auch als</subfield><subfield code="n">DVD-Ausgabe</subfield><subfield code="t">&lt;&lt;Der&gt;&gt; Spiegel &lt;Hamburg&gt; / Mehrjahresausgabe. [Mehrjahresausgabe]</subfield><subfield code="d">Hamburg : Spiegel-Verl. Augstein, 2000-2006</subfield><subfield code="h">DVDs</subfield><subfield code="9">HT013036793</subfield></datafield><datafield tag="776" ind1="-" ind2="1"><subfield code="i">Erscheint auch als</subfield><subfield code="n">Online-Ausgabe</subfield><subfield code="t">&lt;&lt;Der&gt;&gt; Spiegel &lt;Hamburg&gt;</subfield><subfield code="d">Hamburg : Spiegel-Verl. Augstein, 1947-</subfield><subfield code="h">Online-Ressource</subfield><subfield code="x">2195-1349</subfield><subfield code="9">HT013889748</subfield></datafield><datafield tag="776" ind1="-" ind2="1"><subfield code="i">Erscheint auch als</subfield><subfield code="n">Online-Ausgabe</subfield><subfield code="t">Spiegel daily</subfield><subfield code="d">Hamburg : SPIEGEL-Verlag Rudolf Augstein GmbH &amp; Co. KG, [16. Mai 2017-]</subfield><subfield code="h">Online-Ressource</subfield><subfield code="9">HT019340878</subfield></datafield><datafield tag="776" ind1="-" ind2="1"><subfield code="i">Erscheint auch als</subfield><subfield code="n">Datenbank</subfield><subfield code="t">&lt;&lt;Der&gt;&gt; Spiegel online Themen</subfield><subfield code="d">Hamburg : Spiegel Online, 2008-</subfield><subfield code="h">Online-Ressource</subfield><subfield code="9">HT015487817</subfield></datafield><datafield tag="776" ind1="-" ind2="1"><subfield code="i">Erscheint auch als</subfield><subfield code="n">Website</subfield><subfield code="t">&lt;&lt;Der&gt;&gt; Spiegel</subfield><subfield code="d">Hamburg : Spiegel-Verl. Augstein, 1994-</subfield><subfield code="h">Online-Ressource</subfield><subfield code="9">HT012990951</subfield></datafield><datafield tag="776" ind1="-" ind2="1"><subfield code="i">Erscheint auch als</subfield><subfield code="n">Blindenhörbuch-Ausg. als CD-Ausg.</subfield><subfield code="t">&lt;&lt;Der&gt;&gt; Spiegel &lt;Marburg&gt;</subfield><subfield code="d">Hamburg : Spiegel-Verl. Augstein, 1946-</subfield><subfield code="h">CDs</subfield><subfield code="9">HT015237471</subfield></datafield><datafield tag="902" ind1="-" ind2="1"><subfield code="s">Politik</subfield><subfield code="9">(DE-588)4046514-7</subfield></datafield><datafield tag="902" ind1="-" ind2="1"><subfield code="f">Zeitung</subfield></datafield><datafield tag="904" ind1="a" ind2="1"><subfield code="a">ZDB</subfield></datafield><datafield tag="907" ind1="-" ind2="1"><subfield code="s">Zeitgeschichte</subfield><subfield code="h">Fach</subfield><subfield code="9">(DE-588)4190605-6</subfield></datafield><datafield tag="907" ind1="-" ind2="1"><subfield code="f">Zeitschrift</subfield></datafield><datafield tag="909" ind1="a" ind2="1"><subfield code="a">ZDB</subfield></datafield><controlfield tag="SYS">005408995</controlfield><datafield tag="LOW" ind1="-" ind2="1"><subfield code="a">Q0001</subfield></datafield><datafield tag="LOW" ind1="-" ind2="1"><subfield code="a">K0001</subfield></datafield><datafield tag="LOW" ind1="-" ind2="1"><subfield code="a">G5001</subfield></datafield><datafield tag="LOW" ind1="-" ind2="1"><subfield code="a">X5001</subfield></datafield><datafield tag="LOW" ind1="-" ind2="1"><subfield code="a">B0001</subfield></datafield><datafield tag="LOW" ind1="-" ind2="1"><subfield code="a">B4006</subfield></datafield><datafield tag="LOW" ind1="-" ind2="1"><subfield code="a">B4015</subfield></datafield><datafield tag="LOW" ind1="-" ind2="1"><subfield code="a">B4057</subfield></datafield><datafield tag="LOW" ind1="-" ind2="1"><subfield code="a">O9006</subfield></datafield><datafield tag="LOW" ind1="-" ind2="1"><subfield code="a">T0010</subfield></datafield><datafield tag="LOW" ind1="-" ind2="1"><subfield code="a">K5001</subfield></datafield><datafield tag="LOW" ind1="-" ind2="1"><subfield code="a">C5001</subfield></datafield><datafield tag="LOW" ind1="-" ind2="1"><subfield code="a">L0001</subfield></datafield><datafield tag="LOW" ind1="-" ind2="1"><subfield code="a">Z9030</subfield></datafield><datafield tag="LOW" ind1="-" ind2="1"><subfield code="a">R0001</subfield></datafield><datafield tag="LOW" ind1="-" ind2="1"><subfield code="a">R0003</subfield></datafield><datafield tag="LOW" ind1="-" ind2="1"><subfield code="a">J5001</subfield></datafield><datafield tag="LOW" ind1="-" ind2="1"><subfield code="a">O9022</subfield></datafield><datafield tag="LOW" ind1="-" ind2="1"><subfield code="a">Q1064</subfield></datafield><datafield tag="LOW" ind1="-" ind2="1"><subfield code="a">B2001</subfield></datafield><datafield tag="LOW" ind1="-" ind2="1"><subfield code="a">R2001</subfield></datafield><datafield tag="LOW" ind1="-" ind2="1"><subfield code="a">F0001</subfield></datafield><datafield tag="LOW" ind1="-" ind2="1"><subfield code="a">I5001</subfield></datafield><datafield tag="LOW" ind1="-" ind2="1"><subfield code="a">Z9003</subfield></datafield><datafield tag="LOW" ind1="-" ind2="1"><subfield code="a">KP001</subfield></datafield><datafield tag="LOW" ind1="-" ind2="1"><subfield code="a">T0006</subfield></datafield><datafield tag="LOW" ind1="-" ind2="1"><subfield code="a">F5001</subfield></datafield><datafield tag="LOW" ind1="-" ind2="1"><subfield code="a">Z9022</subfield></datafield><datafield tag="LOW" ind1="-" ind2="1"><subfield code="a">Z9012</subfield></datafield><datafield tag="LOW" ind1="-" ind2="1"><subfield code="a">Z9039</subfield></datafield><datafield tag="LOW" ind1="-" ind2="1"><subfield code="a">RL001</subfield></datafield><datafield tag="LOW" ind1="-" ind2="1"><subfield code="a">R1005</subfield></datafield><datafield tag="LOW" ind1="-" ind2="1"><subfield code="a">K1120</subfield></datafield><datafield tag="LOW" ind1="-" ind2="1"><subfield code="a">F5010</subfield></datafield><datafield tag="LOW" ind1="-" ind2="1"><subfield code="a">R1008</subfield></datafield><datafield tag="LOW" ind1="-" ind2="1"><subfield code="a">F5002</subfield></datafield><datafield tag="LOW" ind1="-" ind2="1"><subfield code="a">Y9015</subfield></datafield><datafield tag="LOW" ind1="-" ind2="1"><subfield code="a">R1007</subfield></datafield><datafield tag="LOW" ind1="-" ind2="1"><subfield code="a">H0001</subfield></datafield><datafield tag="LOW" ind1="-" ind2="1"><subfield code="a">I5003</subfield></datafield><datafield tag="LOW" ind1="-" ind2="1"><subfield code="a">I5004</subfield></datafield><datafield tag="LOW" ind1="-" ind2="1"><subfield code="a">I5002</subfield></datafield><datafield tag="LOW" ind1="-" ind2="1"><subfield code="a">Z9024</subfield></datafield><datafield tag="LOW" ind1="-" ind2="1"><subfield code="a">Z9007</subfield></datafield><datafield tag="LOW" ind1="-" ind2="1"><subfield code="a">Q1166</subfield></datafield><datafield tag="LOW" ind1="-" ind2="1"><subfield code="a">T0012</subfield></datafield><datafield tag="LOW" ind1="-" ind2="1"><subfield code="a">Z9013</subfield></datafield><datafield tag="LOW" ind1="-" ind2="1"><subfield code="a">U0001</subfield></datafield><datafield tag="LOW" ind1="-" ind2="1"><subfield code="a">E0001</subfield></datafield><datafield tag="LOW" ind1="-" ind2="1"><subfield code="a">X0001</subfield></datafield><datafield tag="LOW" ind1="-" ind2="1"><subfield code="a">A5001</subfield></datafield><datafield tag="LOW" ind1="-" ind2="1"><subfield code="a">N5001</subfield></datafield><datafield tag="LOW" ind1="-" ind2="1"><subfield code="a">Z9009</subfield></datafield><datafield tag="LOW" ind1="-" ind2="1"><subfield code="a">K7001</subfield></datafield><datafield tag="LOW" ind1="-" ind2="1"><subfield code="a">T0011</subfield></datafield><datafield tag="LOW" ind1="-" ind2="1"><subfield code="a">K6001</subfield></datafield><datafield tag="LOW" ind1="-" ind2="1"><subfield code="a">P0001</subfield></datafield><datafield tag="LOW" ind1="-" ind2="1"><subfield code="a">U5001</subfield></datafield><datafield tag="LOW" ind1="-" ind2="1"><subfield code="a">S0001</subfield></datafield><datafield tag="LOW" ind1="-" ind2="1"><subfield code="a">M0001</subfield></datafield><datafield tag="LOW" ind1="-" ind2="1"><subfield code="a">M1052</subfield></datafield><datafield tag="LOW" ind1="-" ind2="1"><subfield code="a">M0003</subfield></datafield><datafield tag="LOW" ind1="-" ind2="1"><subfield code="a">M1220</subfield></datafield><datafield tag="LOW" ind1="-" ind2="1"><subfield code="a">M0002</subfield></datafield><datafield tag="LOW" ind1="-" ind2="1"><subfield code="a">M1043</subfield></datafield><datafield tag="LOW" ind1="-" ind2="1"><subfield code="a">M1226</subfield></datafield><datafield tag="LOW" ind1="-" ind2="1"><subfield code="a">M0005</subfield></datafield><datafield tag="LOW" ind1="-" ind2="1"><subfield code="a">A0001</subfield></datafield><datafield tag="952" ind1="-" ind2="1"><subfield code="s">Staatspolitik</subfield></datafield><datafield tag="952" ind1="-" ind2="1"><subfield code="s">Politische Lage</subfield></datafield><datafield tag="952" ind1="-" ind2="1"><subfield code="s">Politische Entwicklung</subfield></datafield><datafield tag="952" ind1="-" ind2="1"><subfield code="s">Politische Situation</subfield></datafield><datafield tag="088" ind1=" " ind2=" "><subfield code="a">1105</subfield><subfield code="b">00000000</subfield><subfield code="c">ALL 6</subfield><subfield code="e">keine ILL</subfield></datafield><datafield tag="088" ind1=" " ind2=" "><subfield code="a">1117</subfield><subfield code="b">00005</subfield><subfield code="e">pr</subfield></datafield><datafield tag="088" ind1=" " ind2=" "><subfield code="a">1117</subfield><subfield code="b">00005</subfield><subfield code="e">pr</subfield></datafield><datafield tag="088" ind1=" " ind2=" "><subfield code="a">1117</subfield><subfield code="b">00005</subfield><subfield code="e">pr</subfield></datafield><datafield tag="088" ind1=" " ind2=" "><subfield code="a">1117</subfield><subfield code="b">00005</subfield><subfield code="e">pr</subfield></datafield><datafield tag="088" ind1=" " ind2=" "><subfield code="a">1117</subfield><subfield code="b">00005</subfield><subfield code="e">Zeitschriftenheft</subfield></datafield><datafield tag="088" ind1=" " ind2=" "><subfield code="a">1117</subfield><subfield code="b">00005</subfield><subfield code="e">pr</subfield></datafield><datafield tag="088" ind1=" " ind2=" "><subfield code="a">1117</subfield><subfield code="b">00005</subfield><subfield code="e">pr</subfield></datafield><datafield tag="088" ind1=" " ind2=" "><subfield code="a">1117</subfield><subfield code="b">00005</subfield><subfield code="e">pr</subfield></datafield><datafield tag="088" ind1=" " ind2=" "><subfield code="a">1117</subfield><subfield code="b">00005</subfield><subfield code="e">pr</subfield></datafield><datafield tag="088" ind1=" " ind2=" "><subfield code="a">1117</subfield><subfield code="b">00005</subfield><subfield code="e">pr</subfield></datafield><datafield tag="088" ind1=" " ind2=" "><subfield code="a">1117</subfield><subfield code="b">00005</subfield><subfield code="e">pr</subfield></datafield><datafield tag="088" ind1=" " ind2=" "><subfield code="a">1117</subfield><subfield code="b">00005</subfield><subfield code="e">pr</subfield></datafield><datafield tag="088" ind1=" " ind2=" "><subfield code="a">1117</subfield><subfield code="b">00005</subfield><subfield code="e">pr</subfield></datafield><datafield tag="088" ind1=" " ind2=" "><subfield code="a">1117</subfield><subfield code="b">00005</subfield><subfield code="e">pr</subfield></datafield><datafield tag="088" ind1=" " ind2=" "><subfield code="a">1117</subfield><subfield code="b">00005</subfield><subfield code="e">pr</subfield></datafield><datafield tag="088" ind1=" " ind2=" "><subfield code="a">1117</subfield><subfield code="b">00005</subfield><subfield code="e">pr</subfield></datafield><datafield tag="088" ind1=" " ind2=" "><subfield code="a">1117</subfield><subfield code="b">00005</subfield><subfield code="e">pr</subfield></datafield><datafield tag="088" ind1=" " ind2=" "><subfield code="a">1117</subfield><subfield code="b">00005</subfield><subfield code="e">pr</subfield></datafield><datafield tag="088" ind1=" " ind2=" "><subfield code="a">1117</subfield><subfield code="b">00005</subfield><subfield code="e">pr</subfield></datafield><datafield tag="088" ind1=" " ind2=" "><subfield code="a">1117</subfield><subfield code="b">00005</subfield><subfield code="e">pr</subfield></datafield><datafield tag="088" ind1=" " ind2=" "><subfield code="a">1117</subfield><subfield code="b">00005</subfield><subfield code="e">pr</subfield></datafield><datafield tag="088" ind1=" " ind2=" "><subfield code="a">B 23</subfield><subfield code="b">2023</subfield><subfield code="c">PÖ</subfield><subfield code="e">2 Wochen Ausleihe</subfield></datafield><datafield tag="088" ind1=" " ind2=" "><subfield code="a">1117</subfield><subfield code="b">00005</subfield><subfield code="e">pr</subfield></datafield><datafield tag="088" ind1=" " ind2=" "><subfield code="a">1117</subfield><subfield code="b">00005</subfield><subfield code="e">pr</subfield></datafield><datafield tag="088" ind1=" " ind2=" "><subfield code="a">1117</subfield><subfield code="b">00005</subfield><subfield code="e">pr</subfield></datafield><datafield tag="088" ind1=" " ind2=" "><subfield code="a">1117</subfield><subfield code="b">00005</subfield><subfield code="e">pr</subfield></datafield><datafield tag="088" ind1=" " ind2=" "><subfield code="a">1117</subfield><subfield code="b">00005</subfield><subfield code="e">pr</subfield></datafield><datafield tag="088" ind1=" " ind2=" "><subfield code="a">1117</subfield><subfield code="b">00005</subfield><subfield code="e">pr</subfield></datafield><datafield tag="088" ind1=" " ind2=" "><subfield code="a">1117</subfield><subfield code="b">00005</subfield><subfield code="e">Zeitschriftenheft</subfield></datafield><datafield tag="088" ind1=" " ind2=" "><subfield code="a">1117</subfield><subfield code="b">00005</subfield><subfield code="e">pr</subfield></datafield><datafield tag="088" ind1=" " ind2=" "><subfield code="a">1117</subfield><subfield code="b">00005</subfield><subfield code="e">pr</subfield></datafield><datafield tag="088" ind1=" " ind2=" "><subfield code="a">1117</subfield><subfield code="b">00005</subfield><subfield code="e">pr</subfield></datafield><datafield tag="088" ind1=" " ind2=" "><subfield code="a">1117</subfield><subfield code="b">00005</subfield><subfield code="e">pr</subfield></datafield><datafield tag="088" ind1=" " ind2=" "><subfield code="a">1117</subfield><subfield code="b">00005</subfield><subfield code="e">pr</subfield></datafield><datafield tag="088" ind1=" " ind2=" "><subfield code="a">1117</subfield><subfield code="b">00005</subfield><subfield code="e">pr</subfield></datafield><datafield tag="088" ind1=" " ind2=" "><subfield code="a">1117</subfield><subfield code="b">00005</subfield><subfield code="e">pr</subfield></datafield><datafield tag="088" ind1=" " ind2=" "><subfield code="a">1117</subfield><subfield code="b">00005</subfield><subfield code="e">pr</subfield></datafield><datafield tag="088" ind1=" " ind2=" "><subfield code="a">1117</subfield><subfield code="b">00005</subfield><subfield code="e">pr</subfield></datafield><datafield tag="088" ind1=" " ind2=" "><subfield code="a">B 23</subfield><subfield code="b">2019</subfield><subfield code="c">PÖ</subfield><subfield code="e">2 Wochen Ausleihe</subfield></datafield><datafield tag="088" ind1=" " ind2=" "><subfield code="a">1117</subfield><subfield code="b">00005</subfield><subfield code="e">pr</subfield></datafield><datafield tag="088" ind1=" " ind2=" "><subfield code="a">1117</subfield><subfield code="b">00005</subfield><subfield code="e">pr</subfield></datafield><datafield tag="088" ind1=" " ind2=" "><subfield code="a">1117</subfield><subfield code="b">00005</subfield><subfield code="e">pr</subfield></datafield><datafield tag="088" ind1=" " ind2=" "><subfield code="a">1117</subfield><subfield code="b">00005</subfield><subfield code="e">pr</subfield></datafield><datafield tag="088" ind1=" " ind2=" "><subfield code="a">1117</subfield><subfield code="b">00005</subfield><subfield code="e">pr</subfield></datafield><datafield tag="088" ind1=" " ind2=" "><subfield code="a">B 23</subfield><subfield code="b">2021</subfield><subfield code="c">PÖ</subfield><subfield code="e">2 Wochen Ausleihe</subfield></datafield><datafield tag="088" ind1=" " ind2=" "><subfield code="a">1117</subfield><subfield code="b">00005</subfield><subfield code="e">pr</subfield></datafield><datafield tag="088" ind1=" " ind2=" "><subfield code="a">1117</subfield><subfield code="b">00005</subfield><subfield code="e">pr</subfield></datafield><datafield tag="088" ind1=" " ind2=" "><subfield code="a">1117</subfield><subfield code="b">00005</subfield><subfield code="e">pr</subfield></datafield><datafield tag="088" ind1=" " ind2=" "><subfield code="a">1117</subfield><subfield code="b">00005</subfield><subfield code="e">pr</subfield></datafield><datafield tag="088" ind1=" " ind2=" "><subfield code="a">1117</subfield><subfield code="b">00005</subfield><subfield code="e">pr</subfield></datafield><datafield tag="088" ind1=" " ind2=" "><subfield code="a">1117</subfield><subfield code="b">00005</subfield><subfield code="e">pr</subfield></datafield><datafield tag="088" ind1=" " ind2=" "><subfield code="a">1117</subfield><subfield code="b">00005</subfield><subfield code="e">pr</subfield></datafield><datafield tag="088" ind1=" " ind2=" "><subfield code="a">1117</subfield><subfield code="b">00005</subfield><subfield code="e">pr</subfield></datafield><datafield tag="088" ind1=" " ind2=" "><subfield code="a">1117</subfield><subfield code="b">00005</subfield><subfield code="e">pr</subfield></datafield><datafield tag="088" ind1=" " ind2=" "><subfield code="a">1117</subfield><subfield code="b">00005</subfield><subfield code="e">pr</subfield></datafield><datafield tag="088" ind1=" " ind2=" "><subfield code="a">1117</subfield><subfield code="b">00005</subfield><subfield code="e">pr</subfield></datafield><datafield tag="088" ind1=" " ind2=" "><subfield code="a">1117</subfield><subfield code="b">00005</subfield><subfield code="e">pr</subfield></datafield><datafield tag="088" ind1=" " ind2=" "><subfield code="a">1117</subfield><subfield code="b">00005</subfield><subfield code="e">pr</subfield></datafield><datafield tag="088" ind1=" " ind2=" "><subfield code="a">1117</subfield><subfield code="b">00005</subfield><subfield code="e">pr</subfield></datafield><datafield tag="088" ind1=" " ind2=" "><subfield code="a">1117</subfield><subfield code="b">00005</subfield><subfield code="e">pr</subfield></datafield><datafield tag="088" ind1=" " ind2=" "><subfield code="a">1117</subfield><subfield code="b">00005</subfield><subfield code="e">pr</subfield></datafield><datafield tag="088" ind1=" " ind2=" "><subfield code="a">1117</subfield><subfield code="b">00005</subfield><subfield code="e">pr</subfield></datafield><datafield tag="088" ind1=" " ind2=" "><subfield code="a">1117</subfield><subfield code="b">00005</subfield><subfield code="e">pr</subfield></datafield><datafield tag="088" ind1=" " ind2=" "><subfield code="a">1032</subfield><subfield code="b">MUEN</subfield><subfield code="e">Zeitschrift</subfield></datafield><datafield tag="088" ind1=" " ind2=" "><subfield code="a">1117</subfield><subfield code="b">00005</subfield><subfield code="e">pr</subfield></datafield><datafield tag="088" ind1=" " ind2=" "><subfield code="a">1117</subfield><subfield code="b">00005</subfield><subfield code="e">pr</subfield></datafield><datafield tag="088" ind1=" " ind2=" "><subfield code="a">B 23</subfield><subfield code="b">2020</subfield><subfield code="c">PÖ</subfield><subfield code="e">2 Wochen Ausleihe</subfield></datafield><datafield tag="088" ind1=" " ind2=" "><subfield code="a">1117</subfield><subfield code="b">00005</subfield><subfield code="e">pr</subfield></datafield><datafield tag="088" ind1=" " ind2=" "><subfield code="a">1117</subfield><subfield code="b">00005</subfield><subfield code="e">pr</subfield></datafield><datafield tag="088" ind1=" " ind2=" "><subfield code="a">1117</subfield><subfield code="b">00005</subfield><subfield code="e">pr</subfield></datafield><datafield tag="088" ind1=" " ind2=" "><subfield code="a">1117</subfield><subfield code="b">00005</subfield><subfield code="e">pr</subfield></datafield><datafield tag="088" ind1=" " ind2=" "><subfield code="a">1117</subfield><subfield code="b">00005</subfield><subfield code="e">pr</subfield></datafield><datafield tag="088" ind1=" " ind2=" "><subfield code="a">1117</subfield><subfield code="b">00005</subfield><subfield code="e">pr</subfield></datafield><datafield tag="088" ind1=" " ind2=" "><subfield code="a">1117</subfield><subfield code="b">00005</subfield><subfield code="e">pr</subfield></datafield><datafield tag="088" ind1=" " ind2=" "><subfield code="a">1117</subfield><subfield code="b">00005</subfield><subfield code="e">pr</subfield></datafield><datafield tag="088" ind1=" " ind2=" "><subfield code="a">1117</subfield><subfield code="b">00005</subfield><subfield code="e">pr</subfield></datafield><datafield tag="088" ind1=" " ind2=" "><subfield code="a">1117</subfield><subfield code="b">00005</subfield><subfield code="e">pr</subfield></datafield><datafield tag="088" ind1=" " ind2=" "><subfield code="a">1117</subfield><subfield code="b">00005</subfield><subfield code="e">pr</subfield></datafield><datafield tag="088" ind1=" " ind2=" "><subfield code="a">1117</subfield><subfield code="b">00005</subfield><subfield code="e">pr</subfield></datafield><datafield tag="088" ind1=" " ind2=" "><subfield code="a">1117</subfield><subfield code="b">00005</subfield><subfield code="e">pr</subfield></datafield><datafield tag="088" ind1=" " ind2=" "><subfield code="a">Kn 28</subfield><subfield code="b">MAG</subfield><subfield code="c">Zd 2932</subfield><subfield code="e">Grundsignatur</subfield></datafield><datafield tag="088" ind1=" " ind2=" "><subfield code="a">1117</subfield><subfield code="b">00005</subfield><subfield code="e">pr</subfield></datafield><datafield tag="088" ind1=" " ind2=" "><subfield code="a">1117</subfield><subfield code="b">00005</subfield><subfield code="e">pr</subfield></datafield><datafield tag="088" ind1=" " ind2=" "><subfield code="a">1117</subfield><subfield code="b">00005</subfield><subfield code="e">pr</subfield></datafield><datafield tag="088" ind1=" " ind2=" "><subfield code="a">1117</subfield><subfield code="b">00005</subfield><subfield code="e">pr</subfield></datafield><datafield tag="088" ind1=" " ind2=" "><subfield code="a">1117</subfield><subfield code="b">00005</subfield><subfield code="e">pr</subfield></datafield><datafield tag="088" ind1=" " ind2=" "><subfield code="a">1117</subfield><subfield code="b">00005</subfield><subfield code="e">pr</subfield></datafield><datafield tag="088" ind1=" " ind2=" "><subfield code="a">1117</subfield><subfield code="b">00005</subfield><subfield code="e">pr</subfield></datafield><datafield tag="088" ind1=" " ind2=" "><subfield code="a">1117</subfield><subfield code="b">00005</subfield><subfield code="e">pr</subfield></datafield><datafield tag="088" ind1=" " ind2=" "><subfield code="a">1117</subfield><subfield code="b">00005</subfield><subfield code="e">pr</subfield></datafield><datafield tag="088" ind1=" " ind2=" "><subfield code="a">1117</subfield><subfield code="b">00005</subfield><subfield code="e">pr</subfield></datafield><datafield tag="088" ind1=" " ind2=" "><subfield code="a">1117</subfield><subfield code="b">00005</subfield><subfield code="e">pr</subfield></datafield><datafield tag="088" ind1=" " ind2=" "><subfield code="a">1117</subfield><subfield code="b">00005</subfield><subfield code="e">pr</subfield></datafield><datafield tag="088" ind1=" " ind2=" "><subfield code="a">1117</subfield><subfield code="b">00005</subfield><subfield code="e">pr</subfield></datafield><datafield tag="088" ind1=" " ind2=" "><subfield code="a">1117</subfield><subfield code="b">00005</subfield><subfield code="e">pr</subfield></datafield><datafield tag="088" ind1=" " ind2=" "><subfield code="a">1117</subfield><subfield code="b">00005</subfield><subfield code="e">pr</subfield></datafield><datafield tag="088" ind1=" " ind2=" "><subfield code="a">1117</subfield><subfield code="b">00005</subfield><subfield code="e">pr</subfield></datafield><datafield tag="088" ind1=" " ind2=" "><subfield code="a">1117</subfield><subfield code="b">00005</subfield><subfield code="e">pr</subfield></datafield><datafield tag="088" ind1=" " ind2=" "><subfield code="a">1117</subfield><subfield code="b">00005</subfield><subfield code="e">pr</subfield></datafield><datafield tag="088" ind1=" " ind2=" "><subfield code="a">1117</subfield><subfield code="b">00005</subfield><subfield code="e">pr</subfield></datafield><datafield tag="088" ind1=" " ind2=" "><subfield code="a">1117</subfield><subfield code="b">00005</subfield><subfield code="e">pr</subfield></datafield><datafield tag="088" ind1=" " ind2=" "><subfield code="a">1117</subfield><subfield code="b">00005</subfield><subfield code="e">pr</subfield></datafield><datafield tag="088" ind1=" " ind2=" "><subfield code="a">1117</subfield><subfield code="b">00005</subfield><subfield code="e">pr</subfield></datafield><datafield tag="088" ind1=" " ind2=" "><subfield code="a">1117</subfield><subfield code="b">00005</subfield><subfield code="e">pr</subfield></datafield><datafield tag="088" ind1=" " ind2=" "><subfield code="a">1117</subfield><subfield code="b">00005</subfield><subfield code="e">pr</subfield></datafield><datafield tag="088" ind1=" " ind2=" "><subfield code="a">1117</subfield><subfield code="b">00005</subfield><subfield code="e">pr</subfield></datafield><datafield tag="088" ind1=" " ind2=" "><subfield code="a">1117</subfield><subfield code="b">00005</subfield><subfield code="e">pr</subfield></datafield><datafield tag="088" ind1=" " ind2=" "><subfield code="a">1117</subfield><subfield code="b">00005</subfield><subfield code="e">pr</subfield></datafield><datafield tag="088" ind1=" " ind2=" "><subfield code="a">1117</subfield><subfield code="b">00005</subfield><subfield code="e">pr</subfield></datafield><datafield tag="088" ind1=" " ind2=" "><subfield code="a">1117</subfield><subfield code="b">00005</subfield><subfield code="e">pr</subfield></datafield><datafield tag="088" ind1=" " ind2=" "><subfield code="a">1117</subfield><subfield code="b">00005</subfield><subfield code="e">pr</subfield></datafield><datafield tag="088" ind1=" " ind2=" "><subfield code="a">1117</subfield><subfield code="b">00005</subfield><subfield code="e">pr</subfield></datafield><datafield tag="088" ind1=" " ind2=" "><subfield code="a">1117</subfield><subfield code="b">00005</subfield><subfield code="e">pr</subfield></datafield><datafield tag="088" ind1=" " ind2=" "><subfield code="a">1117</subfield><subfield code="b">00005</subfield><subfield code="e">pr</subfield></datafield><datafield tag="088" ind1=" " ind2=" "><subfield code="a">1117</subfield><subfield code="b">00005</subfield><subfield code="e">pr</subfield></datafield><datafield tag="088" ind1=" " ind2=" "><subfield code="a">1117</subfield><subfield code="b">00005</subfield><subfield code="e">pr</subfield></datafield><datafield tag="088" ind1=" " ind2=" "><subfield code="a">1117</subfield><subfield code="b">00005</subfield><subfield code="e">pr</subfield></datafield><datafield tag="088" ind1=" " ind2=" "><subfield code="a">1117</subfield><subfield code="b">00005</subfield><subfield code="e">pr</subfield></datafield><datafield tag="088" ind1=" " ind2=" "><subfield code="a">1117</subfield><subfield code="b">00005</subfield><subfield code="e">pr</subfield></datafield><datafield tag="088" ind1=" " ind2=" "><subfield code="a">1117</subfield><subfield code="b">00005</subfield><subfield code="e">pr</subfield></datafield><datafield tag="088" ind1=" " ind2=" "><subfield code="a">1117</subfield><subfield code="b">00005</subfield><subfield code="e">pr</subfield></datafield><datafield tag="088" ind1=" " ind2=" "><subfield code="a">1117</subfield><subfield code="b">00005</subfield><subfield code="e">pr</subfield></datafield><datafield tag="088" ind1=" " ind2=" "><subfield code="a">1117</subfield><subfield code="b">00005</subfield><subfield code="e">pr</subfield></datafield><datafield tag="088" ind1=" " ind2=" "><subfield code="a">1117</subfield><subfield code="b">00005</subfield><subfield code="e">pr</subfield></datafield><datafield tag="088" ind1=" " ind2=" "><subfield code="a">1117</subfield><subfield code="b">00005</subfield><subfield code="e">pr</subfield></datafield><datafield tag="088" ind1=" " ind2=" "><subfield code="a">1117</subfield><subfield code="b">00005</subfield><subfield code="e">pr</subfield></datafield><datafield tag="088" ind1=" " ind2=" "><subfield code="a">1117</subfield><subfield code="b">00005</subfield><subfield code="e">pr</subfield></datafield><datafield tag="088" ind1=" " ind2=" "><subfield code="a">1117</subfield><subfield code="b">00005</subfield><subfield code="e">pr</subfield></datafield><datafield tag="088" ind1=" " ind2=" "><subfield code="a">1117</subfield><subfield code="b">00005</subfield><subfield code="e">pr</subfield></datafield><datafield tag="088" ind1=" " ind2=" "><subfield code="a">1117</subfield><subfield code="b">00005</subfield><subfield code="e">pr</subfield></datafield><datafield tag="088" ind1=" " ind2=" "><subfield code="a">1117</subfield><subfield code="b">00005</subfield><subfield code="e">pr</subfield></datafield><datafield tag="088" ind1=" " ind2=" "><subfield code="a">1117</subfield><subfield code="b">00005</subfield><subfield code="e">pr</subfield></datafield><datafield tag="088" ind1=" " ind2=" "><subfield code="a">1117</subfield><subfield code="b">00005</subfield><subfield code="e">pr</subfield></datafield><datafield tag="088" ind1=" " ind2=" "><subfield code="a">1117</subfield><subfield code="b">00005</subfield><subfield code="e">pr</subfield></datafield><datafield tag="088" ind1=" " ind2=" "><subfield code="a">1117</subfield><subfield code="b">00005</subfield><subfield code="e">pr</subfield></datafield><datafield tag="088" ind1=" " ind2=" "><subfield code="a">1117</subfield><subfield code="b">00005</subfield><subfield code="e">pr</subfield></datafield><datafield tag="088" ind1=" " ind2=" "><subfield code="a">1117</subfield><subfield code="b">00005</subfield><subfield code="e">pr</subfield></datafield><datafield tag="088" ind1=" " ind2=" "><subfield code="a">1117</subfield><subfield code="b">00005</subfield><subfield code="e">pr</subfield></datafield><datafield tag="088" ind1=" " ind2=" "><subfield code="a">1117</subfield><subfield code="b">00005</subfield><subfield code="e">pr</subfield></datafield><datafield tag="088" ind1=" " ind2=" "><subfield code="a">1117</subfield><subfield code="b">00005</subfield><subfield code="e">pr</subfield></datafield><datafield tag="088" ind1=" " ind2=" "><subfield code="a">1117</subfield><subfield code="b">00005</subfield><subfield code="e">pr</subfield></datafield><datafield tag="088" ind1=" " ind2=" "><subfield code="a">1117</subfield><subfield code="b">00005</subfield><subfield code="e">pr</subfield></datafield><datafield tag="088" ind1=" " ind2=" "><subfield code="a">1117</subfield><subfield code="b">00005</subfield><subfield code="e">pr</subfield></datafield><datafield tag="088" ind1=" " ind2=" "><subfield code="a">1117</subfield><subfield code="b">00005</subfield><subfield code="e">pr</subfield></datafield><datafield tag="088" ind1=" " ind2=" "><subfield code="a">1117</subfield><subfield code="b">00005</subfield><subfield code="e">pr</subfield></datafield><datafield tag="088" ind1=" " ind2=" "><subfield code="a">Kn 41</subfield><subfield code="e">Im Arbeitsgang</subfield></datafield><datafield tag="088" ind1=" " ind2=" "><subfield code="a">1117</subfield><subfield code="b">00005</subfield><subfield code="e">pr</subfield></datafield><datafield tag="088" ind1=" " ind2=" "><subfield code="a">Kob 7</subfield><subfield code="b">CAMKO</subfield><subfield code="e">Hinweis: Signatur</subfield></datafield><datafield tag="088" ind1=" " ind2=" "><subfield code="a">1117</subfield><subfield code="b">00005</subfield><subfield code="e">pr</subfield></datafield><datafield tag="088" ind1=" " ind2=" "><subfield code="a">1117</subfield><subfield code="b">00005</subfield><subfield code="e">pr</subfield></datafield><datafield tag="088" ind1=" " ind2=" "><subfield code="a">1117</subfield><subfield code="b">00005</subfield><subfield code="e">pr</subfield></datafield><datafield tag="088" ind1=" " ind2=" "><subfield code="a">1117</subfield><subfield code="b">00005</subfield><subfield code="e">pr</subfield></datafield><datafield tag="088" ind1=" " ind2=" "><subfield code="a">1117</subfield><subfield code="b">00005</subfield><subfield code="e">pr</subfield></datafield><datafield tag="088" ind1=" " ind2=" "><subfield code="a">1117</subfield><subfield code="b">00005</subfield><subfield code="e">pr</subfield></datafield><datafield tag="088" ind1=" " ind2=" "><subfield code="a">1117</subfield><subfield code="b">00005</subfield><subfield code="e">pr</subfield></datafield><datafield tag="088" ind1=" " ind2=" "><subfield code="a">1117</subfield><subfield code="b">00005</subfield><subfield code="e">pr</subfield></datafield><datafield tag="088" ind1=" " ind2=" "><subfield code="a">1117</subfield><subfield code="b">00005</subfield><subfield code="e">pr</subfield></datafield><datafield tag="088" ind1=" " ind2=" "><subfield code="a">1117</subfield><subfield code="b">00005</subfield><subfield code="e">pr</subfield></datafield><datafield tag="088" ind1=" " ind2=" "><subfield code="a">1117</subfield><subfield code="b">00005</subfield><subfield code="e">pr</subfield></datafield><datafield tag="088" ind1=" " ind2=" "><subfield code="a">1117</subfield><subfield code="b">00005</subfield><subfield code="e">pr</subfield></datafield><datafield tag="088" ind1=" " ind2=" "><subfield code="a">1117</subfield><subfield code="b">00005</subfield><subfield code="e">pr</subfield></datafield><datafield tag="088" ind1=" " ind2=" "><subfield code="a">1117</subfield><subfield code="b">00005</subfield><subfield code="e">pr</subfield></datafield><datafield tag="088" ind1=" " ind2=" "><subfield code="a">1117</subfield><subfield code="b">00005</subfield><subfield code="e">pr</subfield></datafield><datafield tag="088" ind1=" " ind2=" "><subfield code="a">1117</subfield><subfield code="b">00005</subfield><subfield code="e">pr</subfield></datafield><datafield tag="088" ind1=" " ind2=" "><subfield code="a">1117</subfield><subfield code="b">00005</subfield><subfield code="e">pr</subfield></datafield><datafield tag="088" ind1=" " ind2=" "><subfield code="a">1117</subfield><subfield code="b">00005</subfield><subfield code="e">pr</subfield></datafield><datafield tag="088" ind1=" " ind2=" "><subfield code="a">B 23</subfield><subfield code="b">2022</subfield><subfield code="c">PÖ</subfield><subfield code="e">2 Wochen Ausleihe</subfield></datafield><datafield tag="088" ind1=" " ind2=" "><subfield code="a">1117</subfield><subfield code="b">00005</subfield><subfield code="e">pr</subfield></datafield><datafield tag="088" ind1=" " ind2=" "><subfield code="a">1117</subfield><subfield code="b">00005</subfield><subfield code="e">pr</subfield></datafield><datafield tag="088" ind1=" " ind2=" "><subfield code="a">1117</subfield><subfield code="b">00005</subfield><subfield code="e">pr</subfield></datafield><datafield tag="088" ind1=" " ind2=" "><subfield code="a">1117</subfield><subfield code="b">00005</subfield><subfield code="e">pr</subfield></datafield><datafield tag="088" ind1=" " ind2=" "><subfield code="a">1117</subfield><subfield code="b">00005</subfield><subfield code="e">pr</subfield></datafield><datafield tag="088" ind1=" " ind2=" "><subfield code="a">Kob 7</subfield><subfield code="b">CAMKO</subfield><subfield code="c">Zeitungsregal</subfield><subfield code="e">Grundsignatur</subfield></datafield><datafield tag="088" ind1=" " ind2=" "><subfield code="a">1117</subfield><subfield code="b">00005</subfield><subfield code="e">pr</subfield></datafield><datafield tag="088" ind1=" " ind2=" "><subfield code="a">1117</subfield><subfield code="b">00005</subfield><subfield code="e">pr</subfield></datafield><datafield tag="088" ind1=" " ind2=" "><subfield code="a">1117</subfield><subfield code="b">00005</subfield><subfield code="e">pr</subfield></datafield><datafield tag="088" ind1=" " ind2=" "><subfield code="a">1117</subfield><subfield code="b">00005</subfield><subfield code="e">pr</subfield></datafield><datafield tag="088" ind1=" " ind2=" "><subfield code="a">1117</subfield><subfield code="b">00005</subfield><subfield code="e">pr</subfield></datafield><datafield tag="088" ind1=" " ind2=" "><subfield code="a">1117</subfield><subfield code="b">00005</subfield><subfield code="e">pr</subfield></datafield><datafield tag="088" ind1=" " ind2=" "><subfield code="a">1117</subfield><subfield code="b">00005</subfield><subfield code="e">pr</subfield></datafield><datafield tag="088" ind1=" " ind2=" "><subfield code="a">1117</subfield><subfield code="b">00005</subfield><subfield code="e">pr</subfield></datafield><datafield tag="088" ind1=" " ind2=" "><subfield code="a">1117</subfield><subfield code="b">00005</subfield><subfield code="e">pr</subfield></datafield><datafield tag="088" ind1=" " ind2=" "><subfield code="a">1117</subfield><subfield code="b">00005</subfield><subfield code="e">pr</subfield></datafield><datafield tag="088" ind1=" " ind2=" "><subfield code="a">1117</subfield><subfield code="b">00005</subfield><subfield code="e">pr</subfield></datafield><datafield tag="088" ind1=" " ind2=" "><subfield code="a">1117</subfield><subfield code="b">00005</subfield><subfield code="e">pr</subfield></datafield><datafield tag="088" ind1=" " ind2=" "><subfield code="a">1117</subfield><subfield code="b">00005</subfield><subfield code="e">pr</subfield></datafield><datafield tag="088" ind1=" " ind2=" "><subfield code="a">1117</subfield><subfield code="b">00005</subfield><subfield code="e">pr</subfield></datafield><datafield tag="088" ind1=" " ind2=" "><subfield code="a">1117</subfield><subfield code="b">00005</subfield><subfield code="e">pr</subfield></datafield><datafield tag="088" ind1=" " ind2=" "><subfield code="a">1117</subfield><subfield code="b">00005</subfield><subfield code="e">pr</subfield></datafield><datafield tag="088" ind1=" " ind2=" "><subfield code="a">1117</subfield><subfield code="b">00005</subfield><subfield code="e">pr</subfield></datafield><datafield tag="088" ind1=" " ind2=" "><subfield code="a">1117</subfield><subfield code="b">00005</subfield><subfield code="e">pr</subfield></datafield><datafield tag="088" ind1=" " ind2=" "><subfield code="a">1117</subfield><subfield code="b">00005</subfield><subfield code="e">pr</subfield></datafield><datafield tag="088" ind1=" " ind2=" "><subfield code="a">1117</subfield><subfield code="b">00005</subfield><subfield code="e">pr</subfield></datafield><datafield tag="088" ind1=" " ind2=" "><subfield code="a">1117</subfield><subfield code="b">00005</subfield><subfield code="e">pr</subfield></datafield><datafield tag="088" ind1=" " ind2=" "><subfield code="a">1117</subfield><subfield code="b">00005</subfield><subfield code="e">pr</subfield></datafield><datafield tag="088" ind1=" " ind2=" "><subfield code="a">1117</subfield><subfield code="b">00005</subfield><subfield code="e">pr</subfield></datafield><datafield tag="088" ind1=" " ind2=" "><subfield code="a">1117</subfield><subfield code="b">00005</subfield><subfield code="e">pr</subfield></datafield><datafield tag="088" ind1=" " ind2=" "><subfield code="a">1117</subfield><subfield code="b">00005</subfield><subfield code="e">pr</subfield></datafield><datafield tag="088" ind1=" " ind2=" "><subfield code="a">1117</subfield><subfield code="b">00005</subfield><subfield code="e">pr</subfield></datafield><datafield tag="088" ind1=" " ind2=" "><subfield code="a">1117</subfield><subfield code="b">00005</subfield><subfield code="e">pr</subfield></datafield><datafield tag="088" ind1=" " ind2=" "><subfield code="a">1117</subfield><subfield code="b">00005</subfield><subfield code="e">pr</subfield></datafield><datafield tag="088" ind1=" " ind2=" "><subfield code="a">1117</subfield><subfield code="b">00005</subfield><subfield code="e">pr</subfield></datafield><datafield tag="088" ind1=" " ind2=" "><subfield code="a">1117</subfield><subfield code="b">00005</subfield><subfield code="e">pr</subfield></datafield><datafield tag="088" ind1=" " ind2=" "><subfield code="a">1117</subfield><subfield code="b">00005</subfield><subfield code="e">pr</subfield></datafield><datafield tag="088" ind1=" " ind2=" "><subfield code="a">1117</subfield><subfield code="b">00005</subfield><subfield code="e">pr</subfield></datafield><datafield tag="088" ind1=" " ind2=" "><subfield code="a">1117</subfield><subfield code="b">00005</subfield><subfield code="e">pr</subfield></datafield><datafield tag="088" ind1=" " ind2=" "><subfield code="a">1117</subfield><subfield code="b">00005</subfield><subfield code="e">pr</subfield></datafield><datafield tag="088" ind1=" " ind2=" "><subfield code="a">1117</subfield><subfield code="b">00005</subfield><subfield code="e">pr</subfield></datafield><datafield tag="088" ind1=" " ind2=" "><subfield code="a">1117</subfield><subfield code="b">00005</subfield><subfield code="e">pr</subfield></datafield><datafield tag="088" ind1=" " ind2=" "><subfield code="a">1117</subfield><subfield code="b">00005</subfield><subfield code="e">pr</subfield></datafield><datafield tag="088" ind1=" " ind2=" "><subfield code="a">1117</subfield><subfield code="b">00005</subfield><subfield code="e">pr</subfield></datafield><datafield tag="088" ind1=" " ind2=" "><subfield code="a">1117</subfield><subfield code="b">00005</subfield><subfield code="e">pr</subfield></datafield><datafield tag="088" ind1=" " ind2=" "><subfield code="a">1117</subfield><subfield code="b">00005</subfield><subfield code="e">pr</subfield></datafield><datafield tag="088" ind1=" " ind2=" "><subfield code="a">1117</subfield><subfield code="b">00005</subfield><subfield code="e">pr</subfield></datafield><datafield tag="088" ind1=" " ind2=" "><subfield code="a">1117</subfield><subfield code="b">00005</subfield><subfield code="e">pr</subfield></datafield><datafield tag="088" ind1=" " ind2=" "><subfield code="a">1117</subfield><subfield code="b">00005</subfield><subfield code="e">pr</subfield></datafield><datafield tag="088" ind1=" " ind2=" "><subfield code="a">1117</subfield><subfield code="b">00005</subfield><subfield code="e">pr</subfield></datafield><datafield tag="088" ind1=" " ind2=" "><subfield code="a">1117</subfield><subfield code="b">00005</subfield><subfield code="e">pr</subfield></datafield><datafield tag="088" ind1=" " ind2=" "><subfield code="a">1117</subfield><subfield code="b">00005</subfield><subfield code="e">pr</subfield></datafield><datafield tag="088" ind1=" " ind2=" "><subfield code="a">1117</subfield><subfield code="b">00005</subfield><subfield code="e">pr</subfield></datafield><datafield tag="088" ind1=" " ind2=" "><subfield code="a">1117</subfield><subfield code="b">00005</subfield><subfield code="e">pr</subfield></datafield><datafield tag="088" ind1=" " ind2=" "><subfield code="a">1117</subfield><subfield code="b">00005</subfield><subfield code="e">pr</subfield></datafield><datafield tag="088" ind1=" " ind2=" "><subfield code="a">1117</subfield><subfield code="b">00005</subfield><subfield code="e">pr</subfield></datafield><datafield tag="088" ind1=" " ind2=" "><subfield code="a">1117</subfield><subfield code="b">00005</subfield><subfield code="e">pr</subfield></datafield><datafield tag="088" ind1=" " ind2=" "><subfield code="a">1117</subfield><subfield code="b">00005</subfield><subfield code="e">pr</subfield></datafield><datafield tag="088" ind1=" " ind2=" "><subfield code="a">1117</subfield><subfield code="b">00005</subfield><subfield code="e">pr</subfield></datafield><datafield tag="088" ind1=" " ind2=" "><subfield code="a">1117</subfield><subfield code="b">00005</subfield><subfield code="e">pr</subfield></datafield><datafield tag="088" ind1=" " ind2=" "><subfield code="a">1117</subfield><subfield code="b">00005</subfield><subfield code="e">pr</subfield></datafield><datafield tag="088" ind1=" " ind2=" "><subfield code="a">1117</subfield><subfield code="b">00005</subfield><subfield code="e">pr</subfield></datafield><datafield tag="088" ind1=" " ind2=" "><subfield code="a">1117</subfield><subfield code="b">00005</subfield><subfield code="e">pr</subfield></datafield><datafield tag="088" ind1=" " ind2=" "><subfield code="a">1117</subfield><subfield code="b">00005</subfield><subfield code="e">pr</subfield></datafield><datafield tag="088" ind1=" " ind2=" "><subfield code="a">1117</subfield><subfield code="b">00005</subfield><subfield code="e">pr</subfield></datafield><datafield tag="088" ind1=" " ind2=" "><subfield code="a">1117</subfield><subfield code="b">00005</subfield><subfield code="e">pr</subfield></datafield><datafield tag="088" ind1=" " ind2=" "><subfield code="a">1117</subfield><subfield code="b">00005</subfield><subfield code="e">pr</subfield></datafield><datafield tag="088" ind1=" " ind2=" "><subfield code="a">1117</subfield><subfield code="b">00005</subfield><subfield code="e">pr</subfield></datafield><datafield tag="088" ind1=" " ind2=" "><subfield code="a">1117</subfield><subfield code="b">00005</subfield><subfield code="e">pr</subfield></datafield><datafield tag="088" ind1=" " ind2=" "><subfield code="a">1117</subfield><subfield code="b">00005</subfield><subfield code="e">pr</subfield></datafield><datafield tag="088" ind1=" " ind2=" "><subfield code="a">1117</subfield><subfield code="b">00005</subfield><subfield code="e">pr</subfield></datafield><datafield tag="088" ind1=" " ind2=" "><subfield code="a">1117</subfield><subfield code="b">00005</subfield><subfield code="e">pr</subfield></datafield><datafield tag="088" ind1=" " ind2=" "><subfield code="a">1117</subfield><subfield code="b">00005</subfield><subfield code="e">pr</subfield></datafield><datafield tag="088" ind1=" " ind2=" "><subfield code="a">1117</subfield><subfield code="b">00005</subfield><subfield code="e">pr</subfield></datafield><datafield tag="088" ind1=" " ind2=" "><subfield code="a">1117</subfield><subfield code="b">00005</subfield><subfield code="e">pr</subfield></datafield><datafield tag="088" ind1=" " ind2=" "><subfield code="a">1117</subfield><subfield code="b">00005</subfield><subfield code="e">pr</subfield></datafield><datafield tag="088" ind1=" " ind2=" "><subfield code="a">1117</subfield><subfield code="b">00005</subfield><subfield code="e">pr</subfield></datafield><datafield tag="088" ind1=" " ind2=" "><subfield code="a">1117</subfield><subfield code="b">00005</subfield><subfield code="e">pr</subfield></datafield><datafield tag="088" ind1=" " ind2=" "><subfield code="a">1117</subfield><subfield code="b">00005</subfield><subfield code="e">pr</subfield></datafield><datafield tag="088" ind1=" " ind2=" "><subfield code="a">1117</subfield><subfield code="b">00005</subfield><subfield code="e">pr</subfield></datafield><datafield tag="088" ind1=" " ind2=" "><subfield code="a">1117</subfield><subfield code="b">00005</subfield><subfield code="e">pr</subfield></datafield><datafield tag="088" ind1=" " ind2=" "><subfield code="a">1117</subfield><subfield code="b">00005</subfield><subfield code="e">pr</subfield></datafield><datafield tag="088" ind1=" " ind2=" "><subfield code="a">1117</subfield><subfield code="b">00005</subfield><subfield code="e">pr</subfield></datafield><datafield tag="088" ind1=" " ind2=" "><subfield code="a">1117</subfield><subfield code="b">00005</subfield><subfield code="e">pr</subfield></datafield><datafield tag="088" ind1=" " ind2=" "><subfield code="a">1117</subfield><subfield code="b">00005</subfield><subfield code="e">pr</subfield></datafield><datafield tag="088" ind1=" " ind2=" "><subfield code="a">1117</subfield><subfield code="b">00005</subfield><subfield code="e">pr</subfield></datafield><datafield tag="088" ind1=" " ind2=" "><subfield code="a">1117</subfield><subfield code="b">00005</subfield><subfield code="e">pr</subfield></datafield><datafield tag="088" ind1=" " ind2=" "><subfield code="a">1117</subfield><subfield code="b">00005</subfield><subfield code="e">pr</subfield></datafield><datafield tag="088" ind1=" " ind2=" "><subfield code="a">1117</subfield><subfield code="b">00005</subfield><subfield code="e">pr</subfield></datafield><datafield tag="088" ind1=" " ind2=" "><subfield code="a">1117</subfield><subfield code="b">00005</subfield><subfield code="e">pr</subfield></datafield><datafield tag="088" ind1=" " ind2=" "><subfield code="a">1117</subfield><subfield code="b">00005</subfield><subfield code="e">pr</subfield></datafield><datafield tag="088" ind1=" " ind2=" "><subfield code="a">1117</subfield><subfield code="b">00005</subfield><subfield code="e">pr</subfield></datafield><datafield tag="088" ind1=" " ind2=" "><subfield code="a">1117</subfield><subfield code="b">00005</subfield><subfield code="e">pr</subfield></datafield><datafield tag="088" ind1=" " ind2=" "><subfield code="a">1117</subfield><subfield code="b">00005</subfield><subfield code="e">pr</subfield></datafield><datafield tag="088" ind1=" " ind2=" "><subfield code="a">1117</subfield><subfield code="b">00005</subfield><subfield code="e">pr</subfield></datafield><datafield tag="088" ind1=" " ind2=" "><subfield code="a">1117</subfield><subfield code="b">00005</subfield><subfield code="e">pr</subfield></datafield><datafield tag="088" ind1=" " ind2=" "><subfield code="a">1117</subfield><subfield code="b">00005</subfield><subfield code="e">pr</subfield></datafield><datafield tag="088" ind1=" " ind2=" "><subfield code="a">1117</subfield><subfield code="b">00005</subfield><subfield code="e">pr</subfield></datafield><datafield tag="088" ind1=" " ind2=" "><subfield code="a">1117</subfield><subfield code="b">00005</subfield><subfield code="e">pr</subfield></datafield><datafield tag="088" ind1=" " ind2=" "><subfield code="a">1117</subfield><subfield code="b">00005</subfield><subfield code="e">pr</subfield></datafield><datafield tag="088" ind1=" " ind2=" "><subfield code="a">1117</subfield><subfield code="b">00005</subfield><subfield code="e">pr</subfield></datafield><datafield tag="088" ind1=" " ind2=" "><subfield code="a">1117</subfield><subfield code="b">00005</subfield><subfield code="e">pr</subfield></datafield><datafield tag="088" ind1=" " ind2=" "><subfield code="a">1117</subfield><subfield code="b">00005</subfield><subfield code="e">pr</subfield></datafield><datafield tag="088" ind1=" " ind2=" "><subfield code="a">1117</subfield><subfield code="b">00005</subfield><subfield code="e">pr</subfield></datafield><datafield tag="088" ind1=" " ind2=" "><subfield code="a">1117</subfield><subfield code="b">00005</subfield><subfield code="e">pr</subfield></datafield><datafield tag="088" ind1=" " ind2=" "><subfield code="a">1117</subfield><subfield code="b">00005</subfield><subfield code="e">pr</subfield></datafield><datafield tag="088" ind1=" " ind2=" "><subfield code="a">1117</subfield><subfield code="b">00005</subfield><subfield code="e">pr</subfield></datafield><datafield tag="088" ind1=" " ind2=" "><subfield code="a">1117</subfield><subfield code="b">00005</subfield><subfield code="e">pr</subfield></datafield><datafield tag="088" ind1=" " ind2=" "><subfield code="a">1117</subfield><subfield code="b">00005</subfield><subfield code="e">pr</subfield></datafield><datafield tag="088" ind1=" " ind2=" "><subfield code="a">1117</subfield><subfield code="b">00005</subfield><subfield code="e">pr</subfield></datafield><datafield tag="088" ind1=" " ind2=" "><subfield code="a">1117</subfield><subfield code="b">00005</subfield><subfield code="e">pr</subfield></datafield><datafield tag="088" ind1=" " ind2=" "><subfield code="a">1117</subfield><subfield code="b">00005</subfield><subfield code="e">pr</subfield></datafield><datafield tag="088" ind1=" " ind2=" "><subfield code="a">1117</subfield><subfield code="b">00005</subfield><subfield code="e">pr</subfield></datafield><datafield tag="088" ind1=" " ind2=" "><subfield code="a">1117</subfield><subfield code="b">00005</subfield><subfield code="e">pr</subfield></datafield><datafield tag="088" ind1=" " ind2=" "><subfield code="a">1117</subfield><subfield code="b">00005</subfield><subfield code="e">pr</subfield></datafield><datafield tag="088" ind1=" " ind2=" "><subfield code="a">1117</subfield><subfield code="b">00005</subfield><subfield code="e">pr</subfield></datafield><datafield tag="088" ind1=" " ind2=" "><subfield code="a">1117</subfield><subfield code="b">00005</subfield><subfield code="e">pr</subfield></datafield><datafield tag="088" ind1=" " ind2=" "><subfield code="a">1117</subfield><subfield code="b">00005</subfield><subfield code="e">pr</subfield></datafield><datafield tag="088" ind1=" " ind2=" "><subfield code="a">1117</subfield><subfield code="b">00005</subfield><subfield code="e">pr</subfield></datafield><datafield tag="088" ind1=" " ind2=" "><subfield code="a">1117</subfield><subfield code="b">00005</subfield><subfield code="e">pr</subfield></datafield><datafield tag="088" ind1=" " ind2=" "><subfield code="a">1117</subfield><subfield code="b">00005</subfield><subfield code="e">pr</subfield></datafield><datafield tag="088" ind1=" " ind2=" "><subfield code="a">1117</subfield><subfield code="b">00005</subfield><subfield code="e">pr</subfield></datafield><datafield tag="088" ind1=" " ind2=" "><subfield code="a">1117</subfield><subfield code="b">00005</subfield><subfield code="e">pr</subfield></datafield><datafield tag="088" ind1=" " ind2=" "><subfield code="a">1117</subfield><subfield code="b">00005</subfield><subfield code="e">pr</subfield></datafield><datafield tag="088" ind1=" " ind2=" "><subfield code="a">1117</subfield><subfield code="b">00005</subfield><subfield code="e">pr</subfield></datafield><datafield tag="088" ind1=" " ind2=" "><subfield code="a">1117</subfield><subfield code="b">00005</subfield><subfield code="e">pr</subfield></datafield><datafield tag="088" ind1=" " ind2=" "><subfield code="a">1117</subfield><subfield code="b">00005</subfield><subfield code="e">pr</subfield></datafield><datafield tag="088" ind1=" " ind2=" "><subfield code="a">1117</subfield><subfield code="b">00005</subfield><subfield code="e">pr</subfield></datafield><datafield tag="088" ind1=" " ind2=" "><subfield code="a">1117</subfield><subfield code="b">00005</subfield><subfield code="e">pr</subfield></datafield><datafield tag="088" ind1=" " ind2=" "><subfield code="a">1117</subfield><subfield code="b">00005</subfield><subfield code="e">pr</subfield></datafield><datafield tag="088" ind1=" " ind2=" "><subfield code="a">1117</subfield><subfield code="b">00005</subfield><subfield code="e">pr</subfield></datafield><datafield tag="088" ind1=" " ind2=" "><subfield code="a">1117</subfield><subfield code="b">00005</subfield><subfield code="e">pr</subfield></datafield><datafield tag="088" ind1=" " ind2=" "><subfield code="a">1117</subfield><subfield code="b">00005</subfield><subfield code="e">pr</subfield></datafield><datafield tag="088" ind1=" " ind2=" "><subfield code="a">Dm 13</subfield><subfield code="b">Standort Emil-Figge-Str. 44</subfield><subfield code="c">ZWI 150</subfield></datafield><datafield tag="088" ind1=" " ind2=" "><subfield code="a">38</subfield><subfield code="d">Ungeb.Hefte Lesesaal-Ausgabe</subfield></datafield><datafield tag="088" ind1=" " ind2=" "><subfield code="a">121</subfield><subfield code="c">Zq 351</subfield><subfield code="d">1.1947,1; 8.1954 -</subfield></datafield><datafield tag="088" ind1=" " ind2=" "><subfield code="a">6/A</subfield><subfield code="c">Z 339</subfield><subfield code="d">1.1947 - 8.1954; 10.1956 -</subfield></datafield><datafield tag="088" ind1=" " ind2=" "><subfield code="a">5</subfield><subfield code="c">Z 4&apos; 58/138</subfield><subfield code="d">1997</subfield></datafield><datafield tag="088" ind1=" " ind2=" "><subfield code="a">5</subfield><subfield code="c">Z 4&apos; 58/138</subfield><subfield code="d">2.1948 - 52.1998</subfield></datafield><datafield tag="088" ind1=" " ind2=" "><subfield code="a">5</subfield><subfield code="c">Z 4&apos; 58/138 ((Freihandmagazin 2. UG)</subfield><subfield code="d">2013</subfield></datafield><datafield tag="088" ind1=" " ind2=" "><subfield code="a">Dü 62</subfield><subfield code="b">ZS_UG</subfield><subfield code="c">13ZS</subfield></datafield><datafield tag="088" ind1=" " ind2=" "><subfield code="a">1044</subfield><subfield code="b">Sankt Augustin</subfield><subfield code="c">01Z031</subfield><subfield code="d">aktueller und letzte sechs Monate</subfield></datafield><datafield tag="088" ind1=" " ind2=" "><subfield code="a">1044</subfield><subfield code="b">Rheinbach</subfield><subfield code="c">01Z031</subfield><subfield code="d">aktueller und letzte sechs Monate</subfield></datafield><datafield tag="088" ind1=" " ind2=" "><subfield code="a">A 96</subfield><subfield code="b">EUP_ZSFrei</subfield><subfield code="c">23 zum Handgebrauch</subfield><subfield code="d">Nur die letzten 2 Monate vorhanden</subfield></datafield><datafield tag="088" ind1=" " ind2=" "><subfield code="a">Bi 10</subfield><subfield code="b">Campus Bielefeld</subfield><subfield code="c">A Spie</subfield><subfield code="d">Lfd. Jg.</subfield></datafield><datafield tag="088" ind1=" " ind2=" "><subfield code="a">Bo 133</subfield><subfield code="c">Z 649</subfield><subfield code="d">1.1947,1(4.Jan.) - 52.1998; 1999 -</subfield></datafield><datafield tag="088" ind1=" " ind2=" "><subfield code="a">Dü 62</subfield><subfield code="c">13 ZS</subfield><subfield code="d">Nur laufender Jahrgang vorhanden</subfield></datafield><datafield tag="088" ind1=" " ind2=" "><subfield code="a">Tr 2</subfield><subfield code="c">V 4537u</subfield><subfield code="d">1.1947 - 1992</subfield></datafield><datafield tag="088" ind1=" " ind2=" "><subfield code="a">1010</subfield><subfield code="b">Campus Gelsenkirchen 06</subfield><subfield code="c">Zeitschriftenauslage</subfield></datafield><datafield tag="088" ind1=" " ind2=" "><subfield code="a">294</subfield><subfield code="b">Zeitschriften</subfield><subfield code="c">ZGC 795</subfield><subfield code="d">1.1947; 4.1950 - 32.1978; 37.1983 -</subfield></datafield><datafield tag="088" ind1=" " ind2=" "><subfield code="a">294/17</subfield><subfield code="c">BA-10</subfield><subfield code="d">9.1955 - 52.1998; 1999 - 2005,25</subfield></datafield><datafield tag="088" ind1=" " ind2=" "><subfield code="a">294/27</subfield><subfield code="c">Zd 16</subfield><subfield code="d">1.1947 - 3.1949</subfield></datafield><datafield tag="088" ind1=" " ind2=" "><subfield code="a">361</subfield><subfield code="c">12 HM000 S7P4</subfield><subfield code="d">1.1947 - 5.1951; 7.1953 - 33,4,2.1979; 34.1980 - 64.2010</subfield></datafield><datafield tag="088" ind1=" " ind2=" "><subfield code="a">368</subfield></datafield><datafield tag="088" ind1=" " ind2=" "><subfield code="a">38</subfield><subfield code="c">AP5131</subfield><subfield code="d">1.1947 -</subfield></datafield><datafield tag="088" ind1=" " ind2=" "><subfield code="a">38/421</subfield><subfield code="d">1.1947 - 43.1989</subfield></datafield><datafield tag="088" ind1=" " ind2=" "><subfield code="a">466</subfield><subfield code="b">08</subfield><subfield code="c">Zeitungsauslage</subfield><subfield code="d">Nur lfd. u. vorheriger Jg. vorh.</subfield></datafield><datafield tag="088" ind1=" " ind2=" "><subfield code="a">5</subfield><subfield code="c">Z 4&apos; 58/138</subfield><subfield code="d">1.1947,1(4.Jan.) - 30.1976,44(25.Okt.); 30.1976,46(8.Nov.) - 52.1998; 1999 -</subfield></datafield><datafield tag="088" ind1=" " ind2=" "><subfield code="a">51</subfield><subfield code="b">0_MagLLB</subfield><subfield code="c">&lt;&lt;4&gt;&gt; V 30b</subfield><subfield code="d">1.1947 - 4.1950; 6.1952,15u.30-32u.36u.38u.42-47u.49u.51-52; 7.1953 - 60.2006</subfield></datafield><datafield tag="088" ind1=" " ind2=" "><subfield code="a">6</subfield><subfield code="c">ZC 5747</subfield><subfield code="d">1.1947 -</subfield></datafield><datafield tag="088" ind1=" " ind2=" "><subfield code="a">61</subfield><subfield code="b">LS</subfield><subfield code="c">alg z s 550</subfield><subfield code="d">1.1947 -</subfield></datafield><datafield tag="088" ind1=" " ind2=" "><subfield code="a">69</subfield><subfield code="c">Z 2 Spie</subfield><subfield code="d">1.1947 -</subfield></datafield><datafield tag="088" ind1=" " ind2=" "><subfield code="a">708</subfield><subfield code="b">03</subfield><subfield code="c">ZZA/SPI</subfield><subfield code="d">1.1947 -</subfield></datafield><datafield tag="088" ind1=" " ind2=" "><subfield code="a">82</subfield><subfield code="b">ARCHIV</subfield><subfield code="c">Z8563</subfield><subfield code="d">1.1947 - 52.1998</subfield></datafield><datafield tag="088" ind1=" " ind2=" "><subfield code="a">832</subfield><subfield code="b">62</subfield><subfield code="c">01S12</subfield></datafield><datafield tag="088" ind1=" " ind2=" "><subfield code="a">929</subfield><subfield code="b">Neueste Ausg. Zeitungs-Ständer; neueste 5 Jahrgänge Lesesaal 1. OG; lfd. Jg. K</subfield><subfield code="c">ZA 175</subfield><subfield code="d">1.1947 -</subfield></datafield><datafield tag="088" ind1=" " ind2=" "><subfield code="a">992</subfield><subfield code="c">Z 240</subfield></datafield><datafield tag="088" ind1=" " ind2=" "><subfield code="a">467</subfield><subfield code="b">Adolf-Reichwein-Straße, Ebene -1, Zeitschriften</subfield><subfield code="c">00-01S8</subfield><subfield code="d">1.1947,1(4.Jan.) - 52.1998; 1999 - 2002,47; 2002,49 -</subfield></datafield><datafield tag="088" ind1=" " ind2=" "><subfield code="a">467</subfield><subfield code="b">Adolf-Reichwein-Straße, Ebene 0</subfield><subfield code="c">00-01S8</subfield></datafield><datafield tag="088" ind1=" " ind2=" "><subfield code="a">Lan 1</subfield><subfield code="b">FZSLD</subfield><subfield code="c">all 02-22</subfield></datafield><datafield tag="088" ind1=" " ind2=" "><subfield code="a">1010</subfield><subfield code="b">Campus Bocholt 26</subfield><subfield code="c">Zeitschriftenauslage</subfield></datafield><datafield tag="088" ind1=" " ind2=" "><subfield code="a">1010</subfield><subfield code="b">Campus Recklinghausen 36</subfield><subfield code="c">Zeitschriftenauslage</subfield></datafield><datafield tag="088" ind1=" " ind2=" "><subfield code="a">A 96</subfield><subfield code="b">JUE_ZSFrei</subfield><subfield code="c">63 zum Handgebrauch</subfield><subfield code="d">Nur die letzten 2 Monate vorhanden</subfield></datafield><datafield tag="088" ind1=" " ind2=" "><subfield code="a">465</subfield><subfield code="b">D00</subfield><subfield code="c">01 Z 149 - R</subfield><subfield code="d">1.1947 - 20.1966</subfield></datafield><datafield tag="088" ind1=" " ind2=" "><subfield code="a">465</subfield><subfield code="b">D00</subfield><subfield code="c">01 Z 149</subfield><subfield code="d">1.1947,Nr. 27-51/52; 2.1948 - 4.1950; 5.1951,Nr. 27-52</subfield></datafield><datafield tag="088" ind1=" " ind2=" "><subfield code="a">Hag 4</subfield><subfield code="b">HA_ZS</subfield></datafield><datafield tag="088" ind1=" " ind2=" "><subfield code="a">5/20</subfield><subfield code="b">Kompaktanlage</subfield><subfield code="c">Ey 900</subfield><subfield code="d">33.1979 - 48.1994,40</subfield></datafield><datafield tag="088" ind1=" " ind2=" "><subfield code="a">829</subfield><subfield code="b">KR Süd</subfield><subfield code="c">Signatur</subfield></datafield><datafield tag="088" ind1=" " ind2=" "><subfield code="a">465</subfield><subfield code="b">E06</subfield><subfield code="c">01 Z 62</subfield><subfield code="d">6.1952 - 52.1998; 1999</subfield></datafield><datafield tag="088" ind1=" " ind2=" "><subfield code="a">465</subfield><subfield code="b">E10</subfield><subfield code="c">01 Z 62</subfield><subfield code="d">2000 -</subfield></datafield><datafield tag="088" ind1=" " ind2=" "><subfield code="a">Kn 41</subfield><subfield code="c">P 1818</subfield><subfield code="d">2000 -</subfield></datafield><datafield tag="088" ind1=" " ind2=" "><subfield code="a">294/68</subfield><subfield code="c">ohne Sign.</subfield><subfield code="d">2000 - 2009</subfield></datafield><datafield tag="088" ind1=" " ind2=" "><subfield code="a">51</subfield><subfield code="b">0_MagLLB</subfield><subfield code="c">&lt;&lt;4&gt;&gt; Zs 2290</subfield><subfield code="d">61.2007 -</subfield></datafield><datafield tag="088" ind1=" " ind2=" "><subfield code="a">107</subfield></datafield><datafield tag="088" ind1=" " ind2=" "><subfield code="a">294/11</subfield></datafield><datafield tag="088" ind1=" " ind2=" "><subfield code="a">136</subfield><subfield code="c">ACM SPIEG</subfield><subfield code="d">1.1947 -</subfield></datafield><datafield tag="088" ind1=" " ind2=" "><subfield code="a">136</subfield><subfield code="d">1.1947 -</subfield></datafield><datafield tag="088" ind1=" " ind2=" "><subfield code="a">174</subfield><subfield code="c">ACM SPIE</subfield><subfield code="d">4/14.1950/60(1984); 38.1984 - 46.1992</subfield></datafield><datafield tag="088" ind1=" " ind2=" "><subfield code="a">380</subfield><subfield code="c">3 A 60</subfield><subfield code="d">1.1947,1(4.Jan.) -</subfield></datafield><datafield tag="088" ind1=" " ind2=" "><subfield code="a">380</subfield><subfield code="c">3 A 60</subfield><subfield code="d">13.1959 -</subfield></datafield><datafield tag="088" ind1=" " ind2=" "><subfield code="a">385</subfield><subfield code="b">Magazin</subfield><subfield code="c">dv 299</subfield><subfield code="d">2006 - 2017</subfield></datafield><datafield tag="088" ind1=" " ind2=" "><subfield code="a">1383</subfield><subfield code="b">18 05 Zeitschriftenauslage / Journal Display</subfield><subfield code="d">Nur laufender Jahrgang vorhanden</subfield></datafield><datafield tag="088" ind1=" " ind2=" "><subfield code="a">1393</subfield><subfield code="b">ZS_MH</subfield><subfield code="c">00/Z-83</subfield></datafield><datafield tag="088" ind1=" " ind2=" "><subfield code="a">466</subfield><subfield code="c">Zeitungsauslage</subfield></datafield><datafield tag="088" ind1=" " ind2=" "><subfield code="a">287</subfield><subfield code="c">Z 62</subfield><subfield code="d">1.1947,1(4.Jan.) - 52.1998; 1999 -</subfield></datafield><datafield tag="088" ind1=" " ind2=" "><subfield code="a">38</subfield><subfield code="c">AP5131</subfield><subfield code="d">9.1955 -</subfield></datafield><datafield tag="088" ind1=" " ind2=" "><subfield code="a">38</subfield><subfield code="c">PHANZG6</subfield><subfield code="d">1994,Nr. 49</subfield></datafield><datafield tag="088" ind1=" " ind2=" "><subfield code="a">60</subfield><subfield code="b">Fachzeitschriften, 2. OG</subfield><subfield code="c">Zs-Ablage</subfield></datafield><datafield tag="088" ind1=" " ind2=" "><subfield code="a">290</subfield><subfield code="c">ZA 100</subfield></datafield><datafield tag="088" ind1=" " ind2=" "><subfield code="a">1105</subfield><subfield code="c">ALL 6</subfield></datafield><datafield tag="088" ind1=" " ind2=" "><subfield code="a">6</subfield><subfield code="c">ASL 463!</subfield><subfield code="d">Neueste Hefte</subfield></datafield><datafield tag="088" ind1=" " ind2=" "><subfield code="a">6</subfield><subfield code="c">in ZC 5747</subfield><subfield code="d">50.1997</subfield></datafield><datafield tag="088" ind1=" " ind2=" "><subfield code="a">294</subfield><subfield code="b">Zeitschriften</subfield><subfield code="c">YMB 27287</subfield><subfield code="d">4.1950 - 6.1952; 28.1974 - 30.1976; 33.1979 - 36.1982</subfield></datafield><datafield tag="088" ind1=" " ind2=" "><subfield code="a">294</subfield><subfield code="b">Zeitschriften</subfield><subfield code="c">ZGC 795</subfield><subfield code="d">51.1997</subfield></datafield><datafield tag="088" ind1=" " ind2=" "><subfield code="a">466</subfield><subfield code="b">92</subfield><subfield code="c">01s2</subfield><subfield code="d">24.1970 - 50.1996</subfield></datafield><datafield tag="088" ind1=" " ind2=" "><subfield code="a">468</subfield><subfield code="b">46</subfield><subfield code="c">46S10</subfield><subfield code="d">2008 -</subfield></datafield><datafield tag="088" ind1=" " ind2=" "><subfield code="a">468</subfield><subfield code="b">06</subfield><subfield code="c">46S10+1</subfield><subfield code="d">1.1947 - 47.1993; 1994 - 1995,39</subfield></datafield><datafield tag="088" ind1=" " ind2=" "><subfield code="a">832</subfield><subfield code="b">32</subfield><subfield code="c">01S12</subfield></datafield><datafield tag="088" ind1=" " ind2=" "><subfield code="a">832</subfield><subfield code="b">98</subfield><subfield code="c">01S12</subfield></datafield><datafield tag="088" ind1=" " ind2=" "><subfield code="a">Bo 133</subfield><subfield code="c">AMZ 518</subfield><subfield code="d">1.1947 - 4.1950</subfield></datafield><datafield tag="088" ind1=" " ind2=" "><subfield code="a">Bi 10</subfield><subfield code="b">Campus Minden</subfield><subfield code="c">A Spie</subfield><subfield code="d">Letzter Jg. u. lfd. Jg.</subfield></datafield><datafield tag="088" ind1=" " ind2=" "><subfield code="a">6/Z</subfield><subfield code="c">ZP 350</subfield><subfield code="d">1947 - 1998</subfield></datafield><datafield tag="088" ind1=" " ind2=" "><subfield code="a">6/Z</subfield><subfield code="c">ZP 350</subfield><subfield code="d">1.1947 -</subfield></datafield><datafield tag="088" ind1=" " ind2=" "><subfield code="a">107</subfield><subfield code="c">Per. 5323</subfield><subfield code="d">1.1947 - 52.1998; 1999 - 2018,12; 71.2018,13-18; 72.2018,19 -</subfield></datafield><datafield tag="088" ind1=" " ind2=" "><subfield code="a">6/139a</subfield><subfield code="c">Z 688</subfield><subfield code="d">1.1947</subfield></datafield><datafield tag="088" ind1=" " ind2=" "><subfield code="a">Kob 7</subfield><subfield code="b">CAZEI</subfield><subfield code="c">Zeitungsleseecke</subfield></datafield><datafield tag="088" ind1=" " ind2=" "><subfield code="a">6/119</subfield><subfield code="c">Oe 11 S 755 Gf.</subfield><subfield code="d">9.1955,50</subfield></datafield><datafield tag="088" ind1=" " ind2=" "><subfield code="a">6/119</subfield><subfield code="c">Qd 73 S 755 Gf.</subfield><subfield code="d">10.1956,48</subfield></datafield><datafield tag="088" ind1=" " ind2=" "><subfield code="a">260</subfield><subfield code="c">Z 1232</subfield><subfield code="d">nur laufendes Jahr</subfield></datafield><datafield tag="088" ind1=" " ind2=" "><subfield code="a">Walb 1</subfield><subfield code="c">33/700</subfield><subfield code="d">9.1955-22.1968</subfield></datafield><datafield tag="088" ind1=" " ind2=" "><subfield code="a">82</subfield><subfield code="b">Informationszentrum</subfield><subfield code="d">Nur laufender Jahrgang</subfield></datafield><datafield tag="088" ind1=" " ind2=" "><subfield code="a">38</subfield></datafield><datafield tag="088" ind1=" " ind2=" "><subfield code="a">6</subfield><subfield code="c">in ZC 5747-2008,10</subfield><subfield code="d">2008,Nr.42</subfield></datafield><datafield tag="088" ind1=" " ind2=" "><subfield code="a">Dm 11</subfield><subfield code="d">1946,16.Nov. -</subfield></datafield><datafield tag="088" ind1=" " ind2=" "><subfield code="a">Dm 11</subfield><subfield code="c">IZs 54/444</subfield><subfield code="d">1.1946,16.Nov. -</subfield></datafield><datafield tag="088" ind1=" " ind2=" "><subfield code="a">6/119</subfield><subfield code="c">Qd 76 E 34 S 755 Gf.</subfield><subfield code="d">14.1960,25</subfield></datafield><datafield tag="088" ind1=" " ind2=" "><subfield code="a">6/119</subfield><subfield code="c">Qd 76 E 34 S 755.1 Gf.</subfield><subfield code="d">15.1961,16</subfield></datafield><datafield tag="088" ind1=" " ind2=" "><subfield code="a">Kn 3</subfield><subfield code="b">Foto</subfield><subfield code="c">+Zs Spiege 2</subfield><subfield code="d">15.1961,52</subfield></datafield><datafield tag="088" ind1=" " ind2=" "><subfield code="a">6/058</subfield><subfield code="c">Fe-4 16</subfield><subfield code="d">40.1986,23</subfield></datafield><datafield tag="088" ind1=" " ind2=" "><subfield code="a">294/11</subfield><subfield code="c">X Sp/13</subfield><subfield code="d">1.1947,1</subfield></datafield><datafield tag="088" ind1=" " ind2=" "><subfield code="a">294</subfield><subfield code="b">Zeitschriften</subfield><subfield code="c">ZGC 795</subfield><subfield code="d">2012 - 2013</subfield></datafield><datafield tag="088" ind1=" " ind2=" "><subfield code="a">B 1509</subfield><subfield code="c">Z 2000</subfield><subfield code="d">nur aktueller Jahrgang</subfield></datafield><datafield tag="088" ind1=" " ind2=" "><subfield code="a">Dm 13</subfield><subfield code="b">Standort Sonnenstraße</subfield><subfield code="c">ZS I 228</subfield></datafield><datafield tag="088" ind1=" " ind2=" "><subfield code="a">6/M</subfield><subfield code="c">Signatur in der Bibliothek erfragen</subfield><subfield code="d">Nur jeweils aktuelle wöchentliche Papierausgabe vorh.</subfield></datafield><datafield tag="088" ind1=" " ind2=" "><subfield code="a">131</subfield><subfield code="c">Az Magazin</subfield><subfield code="d">5.1951 ff</subfield></datafield><datafield tag="088" ind1=" " ind2=" "><subfield code="a">364</subfield><subfield code="c">Z 5293 4°</subfield><subfield code="d">1.1947,1(4.Jan.); 17.1963,41(9.Okt.)</subfield></datafield><datafield tag="088" ind1=" " ind2=" "><subfield code="a">6/119</subfield><subfield code="c">Oe 53 S 755</subfield><subfield code="d">21.1967,23-33,37,48</subfield></datafield><datafield tag="088" ind1=" " ind2=" "><subfield code="a">Hag 4/4</subfield><subfield code="b">SO_ZS</subfield></datafield><datafield tag="088" ind1=" " ind2=" "><subfield code="a">Hag 4/2</subfield><subfield code="b">IS_ZS</subfield></datafield><datafield tag="088" ind1=" " ind2=" "><subfield code="a">6</subfield><subfield code="c">in ZC 5747</subfield><subfield code="d">2018; 2020</subfield></datafield><datafield tag="088" ind1=" " ind2=" "><subfield code="a">Hag 4/3</subfield><subfield code="b">ME_ZS</subfield></datafield><datafield tag="088" ind1=" " ind2=" "><subfield code="a">1383a</subfield><subfield code="b">01 02 Zeitschriftenauslage / Journal Display</subfield><subfield code="d">Nur laufender Jahrgang vorhanden</subfield></datafield><datafield tag="088" ind1=" " ind2=" "><subfield code="a">386</subfield><subfield code="b">ZSZBL</subfield><subfield code="c">ZBL Z 200</subfield></datafield><datafield tag="088" ind1=" " ind2=" "><subfield code="a">6</subfield><subfield code="c">in ZC 5747-9</subfield><subfield code="d">2013</subfield></datafield><datafield tag="088" ind1=" " ind2=" "><subfield code="a">Tr 5</subfield><subfield code="d">nur laufender Jahrgang</subfield></datafield><datafield tag="088" ind1=" " ind2=" "><subfield code="a">6/339</subfield><subfield code="c">Standort in der Bibliothek erfragen</subfield><subfield code="d">41.2001</subfield></datafield><datafield tag="088" ind1=" " ind2=" "><subfield code="a">174</subfield><subfield code="c">MAG-ZS SPIE</subfield><subfield code="d">1.1947 - 50.1996</subfield></datafield><datafield tag="088" ind1=" " ind2=" "><subfield code="a">987</subfield></datafield><datafield tag="200" ind1=" " ind2="9"><subfield code="0">1</subfield><subfield code="e">nur aktuelle Hefte vorhanden</subfield><subfield code="f">ZWI 150</subfield><subfield code="g">Standort Emil-Figge-Str. 44</subfield><subfield code="2">U5001</subfield></datafield><datafield tag="200" ind1=" " ind2="9"><subfield code="0">2</subfield><subfield code="b">Ungeb.Hefte Lesesaal-Ausgabe</subfield><subfield code="2">K0001</subfield></datafield><datafield tag="200" ind1=" " ind2="9"><subfield code="0">1</subfield><subfield code="b">1.1947,1; 8.1954 -</subfield><subfield code="f">Zq 351</subfield><subfield code="2">T0010</subfield></datafield><datafield tag="200" ind1=" " ind2="9"><subfield code="0">1</subfield><subfield code="b">1.1947 - 8.1954; 10.1956 -</subfield><subfield code="e">1-8 als Repr.; Neueste Jg. LS</subfield><subfield code="f">Z 339</subfield><subfield code="2">M0002</subfield></datafield><datafield tag="200" ind1=" " ind2="9"><subfield code="0">2</subfield><subfield code="a">- Sonderausg. zu</subfield><subfield code="b">1997</subfield><subfield code="f">Z 4&apos; 58/138</subfield><subfield code="k">Freihandmagazin 2. UG</subfield><subfield code="2">Q0001</subfield></datafield><datafield tag="200" ind1=" " ind2="9"><subfield code="0">3</subfield><subfield code="a">- Index zu</subfield><subfield code="b">2.1948 - 52.1998</subfield><subfield code="f">Z 4&apos; 58/138</subfield><subfield code="k">Freihandmagazin 2. UG</subfield><subfield code="2">Q0001</subfield></datafield><datafield tag="200" ind1=" " ind2="9"><subfield code="0">4</subfield><subfield code="a">- Spezial zur Bundestagswahl</subfield><subfield code="b">2013</subfield><subfield code="f">Z 4&apos; 58/138 ((Freihandmagazin 2. UG)</subfield><subfield code="2">Q0001</subfield></datafield><datafield tag="200" ind1=" " ind2="9"><subfield code="0">1</subfield><subfield code="e">Nur laufender Jahrgang vorhanden</subfield><subfield code="f">13ZS</subfield><subfield code="g">ZS_UG</subfield><subfield code="2">X5001</subfield></datafield><datafield tag="200" ind1=" " ind2="9"><subfield code="b">aktueller und letzte sechs Monate</subfield><subfield code="e">ausleihbar</subfield><subfield code="f">01Z031</subfield><subfield code="g">Sankt Augustin</subfield><subfield code="h">11 = 01Z31</subfield><subfield code="2">J5001</subfield></datafield><datafield tag="700" ind1=" " ind2="9"><subfield code="a">|01Z</subfield><subfield code="2">J5001</subfield></datafield><datafield tag="700" ind1=" " ind2="9"><subfield code="a">|01Z</subfield><subfield code="2">J5001</subfield></datafield><datafield tag="700" ind1=" " ind2="9"><subfield code="a">|01Z</subfield><subfield code="2">J5001</subfield></datafield><datafield tag="700" ind1=" " ind2="9"><subfield code="a">|01Z</subfield><subfield code="2">J5001</subfield></datafield><datafield tag="700" ind1=" " ind2="9"><subfield code="a">|01Z</subfield><subfield code="2">J5001</subfield></datafield><datafield tag="200" ind1=" " ind2="9"><subfield code="b">aktueller und letzte sechs Monate</subfield><subfield code="e">ausleihbar</subfield><subfield code="f">01Z031</subfield><subfield code="g">Rheinbach</subfield><subfield code="h">21 = 01Z31+1</subfield><subfield code="2">J5001</subfield></datafield><datafield tag="200" ind1=" " ind2="9"><subfield code="0">1</subfield><subfield code="b">Nur die letzten 2 Monate vorhanden</subfield><subfield code="e">Hefte in der Zeitschriftenauslage</subfield><subfield code="f">23 zum Handgebrauch</subfield><subfield code="g">EUP_ZSFrei</subfield><subfield code="2">A5001</subfield></datafield><datafield tag="200" ind1=" " ind2="9"><subfield code="0">1</subfield><subfield code="b">Lfd. Jg.</subfield><subfield code="f">A Spie</subfield><subfield code="g">Campus Bielefeld</subfield><subfield code="2">C5001</subfield></datafield><datafield tag="200" ind1=" " ind2="9"><subfield code="0">1</subfield><subfield code="b">1.1947,1(4.Jan.) - 52.1998; 1999 -</subfield><subfield code="c">[L=8.1954]</subfield><subfield code="e">1-2 als Repr. 1979-81; 3,5-7 auch als Repr.</subfield><subfield code="f">Z 649</subfield><subfield code="2">O9006</subfield></datafield><datafield tag="200" ind1=" " ind2="9"><subfield code="0">1</subfield><subfield code="b">Nur laufender Jahrgang vorhanden</subfield><subfield code="f">13 ZS</subfield><subfield code="2">X5001</subfield></datafield><datafield tag="200" ind1=" " ind2="9"><subfield code="0">1</subfield><subfield code="b">1.1947 - 1992</subfield><subfield code="e">[L]</subfield><subfield code="f">V 4537u</subfield><subfield code="2">T0006</subfield></datafield><datafield tag="200" ind1=" " ind2="9"><subfield code="0">1</subfield><subfield code="e">Laufender Jahrgang vorhanden. Standort Gelsenkirchen</subfield><subfield code="f">Zeitschriftenauslage</subfield><subfield code="g">Campus Gelsenkirchen 06</subfield><subfield code="2">G5001</subfield></datafield><datafield tag="200" ind1=" " ind2="9"><subfield code="0">1</subfield><subfield code="b">1.1947; 4.1950 - 32.1978; 37.1983 -</subfield><subfield code="c">[N=45.1990/91,1-5.36-52;2003/04,2.5; L=4.1950-6.1952;28.1974-30.1976]</subfield><subfield code="e">Laufender Jg.: Servicetheke</subfield><subfield code="f">ZGC 795</subfield><subfield code="g">Zeitschriften</subfield><subfield code="2">B0001</subfield></datafield><datafield tag="200" ind1=" " ind2="9"><subfield code="0">1</subfield><subfield code="b">9.1955 - 52.1998; 1999 - 2005,25</subfield><subfield code="f">BA-10</subfield><subfield code="2">B4006</subfield></datafield><datafield tag="200" ind1=" " ind2="9"><subfield code="0">1</subfield><subfield code="b">1.1947 - 3.1949</subfield><subfield code="e">1-3 als Repr. 1979-1981</subfield><subfield code="f">Zd 16</subfield><subfield code="2">B4015</subfield></datafield><datafield tag="200" ind1=" " ind2="9"><subfield code="0">1</subfield><subfield code="b">1.1947 - 5.1951; 7.1953 - 33,4,2.1979; 34.1980 - 64.2010</subfield><subfield code="f">12 HM000 S7P4</subfield><subfield code="2">C0001</subfield></datafield><datafield tag="200" ind1=" " ind2="9"><subfield code="0">1</subfield><subfield code="b">1.1947 -</subfield><subfield code="f">AP5131</subfield><subfield code="2">K0001</subfield></datafield><datafield tag="200" ind1=" " ind2="9"><subfield code="0">1</subfield><subfield code="b">1.1947 - 43.1989</subfield><subfield code="2">K1120</subfield></datafield><datafield tag="200" ind1=" " ind2="9"><subfield code="0">1</subfield><subfield code="b">Nur lfd. u. vorheriger Jg. vorh.</subfield><subfield code="e">Papierausg.</subfield><subfield code="f">Zeitungsauslage</subfield><subfield code="g">08</subfield><subfield code="2">P0001</subfield></datafield><datafield tag="200" ind1=" " ind2="9"><subfield code="0">1</subfield><subfield code="b">1.1947,1(4.Jan.) - 30.1976,44(25.Okt.); 30.1976,46(8.Nov.) - 52.1998; 1999 -</subfield><subfield code="e">1.1947 als Lizenzausg. 1979; 2.1948 als Lizenzausg. 1980; 4.1950 als Lizenzausg. 1982</subfield><subfield code="f">Z 4&apos; 58/138</subfield><subfield code="k">Freihandmagazin 2. UG</subfield><subfield code="2">Q0001</subfield></datafield><datafield tag="200" ind1=" " ind2="9"><subfield code="0">1</subfield><subfield code="b">1.1947 - 4.1950; 6.1952,15u.30-32u.36u.38u.42-47u.49u.51-52; 7.1953 - 60.2006</subfield><subfield code="f">&lt;&lt;4&gt;&gt; V 30b</subfield><subfield code="g">0_MagLLB</subfield><subfield code="2">L0001</subfield></datafield><datafield tag="200" ind1=" " ind2="9"><subfield code="0">1</subfield><subfield code="b">1.1947 -</subfield><subfield code="c">[L=8.1954;29.1975]</subfield><subfield code="e">1.1947=Repr.1979;2.1948=Repr.1980</subfield><subfield code="f">ZC 5747</subfield><subfield code="2">M0001</subfield></datafield><datafield tag="200" ind1=" " ind2="9"><subfield code="0">1</subfield><subfield code="b">1.1947 - 8.1954; 10.1956 -</subfield><subfield code="e">1-8 als Repr.; Neueste Jg. LS</subfield><subfield code="f">Z 339</subfield><subfield code="2">M0002</subfield></datafield><datafield tag="200" ind1=" " ind2="9"><subfield code="0">1</subfield><subfield code="b">1.1947 -</subfield><subfield code="c">[L=8;10;41]</subfield><subfield code="f">alg z s 550</subfield><subfield code="g">LS</subfield><subfield code="2">X0001</subfield></datafield><datafield tag="200" ind1=" " ind2="9"><subfield code="0">1</subfield><subfield code="b">1.1947 -</subfield><subfield code="f">Z 2 Spie</subfield><subfield code="2">R1005</subfield></datafield><datafield tag="200" ind1=" " ind2="9"><subfield code="0">1</subfield><subfield code="b">1.1947 -</subfield><subfield code="f">ZZA/SPI</subfield><subfield code="g">03</subfield><subfield code="2">F0001</subfield></datafield><datafield tag="200" ind1=" " ind2="9"><subfield code="0">1</subfield><subfield code="b">1.1947 - 52.1998</subfield><subfield code="e">Spa&lt;U+0308&gt;ter Verbrauchsmaterial</subfield><subfield code="f">Z8563</subfield><subfield code="g">ARCHIV</subfield><subfield code="2">A0001</subfield></datafield><datafield tag="200" ind1=" " ind2="9"><subfield code="0">1</subfield><subfield code="e">Lfd. Jg.</subfield><subfield code="f">01S12</subfield><subfield code="g">62</subfield><subfield code="2">K5001</subfield></datafield><datafield tag="200" ind1=" " ind2="9"><subfield code="0">1</subfield><subfield code="b">1.1947 -</subfield><subfield code="e">Teilw. Repr.</subfield><subfield code="f">ZA 175</subfield><subfield code="g">Neueste Ausg. Zeitungs-Ständer; neueste 5 Jahrgänge Lesesaal 1. OG; lfd. Jg. Klappfächer</subfield><subfield code="h">100/Z</subfield><subfield code="2">R0001</subfield></datafield><datafield tag="200" ind1=" " ind2="9"><subfield code="e">Nur lfd. Jg. vorh.</subfield><subfield code="f">Z 240</subfield><subfield code="2">R1008</subfield></datafield><datafield tag="200" ind1=" " ind2="9"><subfield code="0">2</subfield><subfield code="b">1.1947,1(4.Jan.) - 52.1998; 1999 - 2002,47; 2002,49 -</subfield><subfield code="f">00-01S8</subfield><subfield code="g">Adolf-Reichwein-Straße, Ebene -1, Zeitschriften</subfield><subfield code="2">S0001</subfield></datafield><datafield tag="200" ind1=" " ind2="9"><subfield code="0">1</subfield><subfield code="e">Nur laufender Jahrgang am Standort</subfield><subfield code="f">00-01S8</subfield><subfield code="g">Adolf-Reichwein-Straße, Ebene 0</subfield><subfield code="2">S0001</subfield></datafield><datafield tag="200" ind1=" " ind2="9"><subfield code="0">1</subfield><subfield code="e">Nur laufender und vorheriger Jg. vorh.</subfield><subfield code="f">all 02-22</subfield><subfield code="g">FZSLD</subfield><subfield code="2">RL002</subfield></datafield><datafield tag="700" ind1=" " ind2="9"><subfield code="a">|all 02</subfield><subfield code="2">RL002</subfield></datafield><datafield tag="700" ind1=" " ind2="9"><subfield code="a">all 02</subfield><subfield code="2">RL002</subfield></datafield><datafield tag="200" ind1=" " ind2="9"><subfield code="0">2</subfield><subfield code="e">Laufender Jahrgang vorhanden. Standort Bocholt</subfield><subfield code="f">Zeitschriftenauslage</subfield><subfield code="g">Campus Bocholt 26</subfield><subfield code="2">G5001</subfield></datafield><datafield tag="200" ind1=" " ind2="9"><subfield code="0">3</subfield><subfield code="e">Laufender Jahrgang vorhanden. Standort Recklinghausen</subfield><subfield code="f">Zeitschriftenauslage</subfield><subfield code="g">Campus Recklinghausen 36</subfield><subfield code="2">G5001</subfield></datafield><datafield tag="200" ind1=" " ind2="9"><subfield code="0">2</subfield><subfield code="b">Nur die letzten 2 Monate vorhanden</subfield><subfield code="e">Hefte in der Zeitschriftenauslage</subfield><subfield code="f">63 zum Handgebrauch</subfield><subfield code="g">JUE_ZSFrei</subfield><subfield code="2">A5001</subfield></datafield><datafield tag="200" ind1=" " ind2="9"><subfield code="0">4</subfield><subfield code="a">- Register zu</subfield><subfield code="b">1.1947 - 20.1966</subfield><subfield code="f">01 Z 149 - R</subfield><subfield code="g">D00</subfield><subfield code="2">E0001</subfield></datafield><datafield tag="200" ind1=" " ind2="9"><subfield code="0">3</subfield><subfield code="b">1.1947,Nr. 27-51/52; 2.1948 - 4.1950; 5.1951,Nr. 27-52</subfield><subfield code="e">Zusätzlich sind die Hefte des laufenden Jahrgangs vorhanden. Laufender Monat in der Zeitungsauslage</subfield><subfield code="f">01 Z 149</subfield><subfield code="g">D00</subfield><subfield code="2">E0001</subfield></datafield><datafield tag="200" ind1=" " ind2="9"><subfield code="0">1</subfield><subfield code="e">nur aktueller Jahrgang (ungebunden)</subfield><subfield code="g">HA_ZS</subfield><subfield code="2">I5001</subfield></datafield><datafield tag="200" ind1=" " ind2="9"><subfield code="0">1</subfield><subfield code="b">33.1979 - 48.1994,40</subfield><subfield code="f">Ey 900</subfield><subfield code="g">Kompaktanlage</subfield><subfield code="2">Q1064</subfield></datafield><datafield tag="200" ind1=" " ind2="9"><subfield code="0">1</subfield><subfield code="e">Aktuelle Ausgabe</subfield><subfield code="f">Signatur</subfield><subfield code="g">KR Süd</subfield><subfield code="h">Labor Hochschulkommunikation</subfield><subfield code="2">N5001</subfield></datafield><datafield tag="200" ind1=" " ind2="9"><subfield code="0">1</subfield><subfield code="b">6.1952 - 52.1998; 1999</subfield><subfield code="f">01 Z 62</subfield><subfield code="g">E06</subfield><subfield code="2">E0001</subfield></datafield><datafield tag="200" ind1=" " ind2="9"><subfield code="0">2</subfield><subfield code="b">2000 -</subfield><subfield code="f">01 Z 62</subfield><subfield code="g">E10</subfield><subfield code="2">E0001</subfield></datafield><datafield tag="200" ind1=" " ind2="9"><subfield code="0">1</subfield><subfield code="b">2000 -</subfield><subfield code="e">[Es sind nur Ausgaben mit Sportbezug im Bestand s. Exemplaraufführung]</subfield><subfield code="f">P 1818</subfield><subfield code="2">KP001</subfield></datafield><datafield tag="200" ind1=" " ind2="9"><subfield code="0">1</subfield><subfield code="b">2000 - 2009</subfield><subfield code="f">ohne Sign.</subfield><subfield code="2">B4057</subfield></datafield><datafield tag="200" ind1=" " ind2="9"><subfield code="0">2</subfield><subfield code="b">61.2007 -</subfield><subfield code="f">&lt;&lt;4&gt;&gt; Zs 2290</subfield><subfield code="g">0_MagLLB</subfield><subfield code="2">L0001</subfield></datafield><datafield tag="200" ind1=" " ind2="9"><subfield code="0">1</subfield><subfield code="b">1.1947 -</subfield><subfield code="f">ACM SPIEG</subfield><subfield code="2">Z9009</subfield></datafield><datafield tag="200" ind1=" " ind2="9"><subfield code="0">24</subfield><subfield code="a">- Index zu</subfield><subfield code="b">1.1947 -</subfield><subfield code="2">Z9009</subfield></datafield><datafield tag="200" ind1=" " ind2="9"><subfield code="0">24</subfield><subfield code="a">- Index zu</subfield><subfield code="b">4/14.1950/60(1984); 38.1984 - 46.1992</subfield><subfield code="e">LS</subfield><subfield code="f">ACM SPIE</subfield><subfield code="2">Z9013</subfield></datafield><datafield tag="200" ind1=" " ind2="9"><subfield code="0">2</subfield><subfield code="b">1.1947,1(4.Jan.) -</subfield><subfield code="c">[L=1957]</subfield><subfield code="e">Gebunden bis 2009; Neuere H. s. TA d. entspr. Jgs</subfield><subfield code="f">3 A 60</subfield><subfield code="2">K7001</subfield></datafield><datafield tag="200" ind1=" " ind2="9"><subfield code="0">24</subfield><subfield code="a">- Inhaltsverz. zu</subfield><subfield code="b">13.1959 -</subfield><subfield code="c">[N=34;39]</subfield><subfield code="f">3 A 60</subfield><subfield code="2">K7001</subfield></datafield><datafield tag="200" ind1=" " ind2="9"><subfield code="0">1</subfield><subfield code="a">DVD-Beilage: Spiegel-TV</subfield><subfield code="b">2006 - 2017</subfield><subfield code="e">Einzelaufnahmen siehe Katalog</subfield><subfield code="f">dv 299</subfield><subfield code="g">Magazin</subfield><subfield code="2">T0011</subfield></datafield><datafield tag="200" ind1=" " ind2="9"><subfield code="0">1</subfield><subfield code="b">Nur laufender Jahrgang vorhanden</subfield><subfield code="g">18 05 Zeitschriftenauslage / Journal Display</subfield><subfield code="2">F5001</subfield></datafield><datafield tag="200" ind1=" " ind2="9"><subfield code="0">1</subfield><subfield code="e">Nur aktuelle Ausgaben vorhanden, keine Archivierung.</subfield><subfield code="f">00/Z-83</subfield><subfield code="g">ZS_MH</subfield><subfield code="2">F5010</subfield></datafield><datafield tag="200" ind1=" " ind2="9"><subfield code="0">1</subfield><subfield code="e">Papierausg. - Nur lfd. u. vorheriger Jg. vorh.</subfield><subfield code="f">Zeitungsauslage</subfield><subfield code="2">P0001</subfield></datafield><datafield tag="200" ind1=" " ind2="9"><subfield code="0">1</subfield><subfield code="b">1.1947,1(4.Jan.) - 52.1998; 1999 -</subfield><subfield code="f">Z 62</subfield><subfield code="2">Y9015</subfield></datafield><datafield tag="200" ind1=" " ind2="9"><subfield code="0">3</subfield><subfield code="a">- Index</subfield><subfield code="b">9.1955 -</subfield><subfield code="e">angeb.</subfield><subfield code="f">AP5131</subfield><subfield code="2">K0001</subfield></datafield><datafield tag="200" ind1=" " ind2="9"><subfield code="0">4</subfield><subfield code="b">1994,Nr. 49</subfield><subfield code="f">PHANZG6</subfield><subfield code="2">K0001</subfield></datafield><datafield tag="200" ind1=" " ind2="9"><subfield code="e">Laufendes und Vorjahr</subfield><subfield code="f">Zs-Ablage</subfield><subfield code="g">Fachzeitschriften, 2. OG</subfield><subfield code="2">Z9030</subfield></datafield><datafield tag="200" ind1=" " ind2="9"><subfield code="e">Letzten 2 Jgge.: Servicezentrum</subfield><subfield code="f">ZA 100</subfield><subfield code="2">U0001</subfield></datafield><datafield tag="200" ind1=" " ind2="9"><subfield code="e">Nur lfd. u. vorh. Jg. vh.</subfield><subfield code="f">ALL 6</subfield><subfield code="2">R2001</subfield></datafield><datafield tag="200" ind1=" " ind2="9"><subfield code="0">3</subfield><subfield code="b">Neueste Hefte</subfield><subfield code="f">ASL 463!</subfield><subfield code="2">M0001</subfield></datafield><datafield tag="200" ind1=" " ind2="9"><subfield code="0">7</subfield><subfield code="a">- Sonderausg. &quot;1947 - 1997&quot;</subfield><subfield code="b">50.1997</subfield><subfield code="f">in ZC 5747</subfield><subfield code="2">M0001</subfield></datafield><datafield tag="200" ind1=" " ind2="9"><subfield code="0">2</subfield><subfield code="b">4.1950 - 6.1952; 28.1974 - 30.1976; 33.1979 - 36.1982</subfield><subfield code="e">Als Mikrofiche-Ausg.</subfield><subfield code="f">YMB 27287</subfield><subfield code="g">Zeitschriften</subfield><subfield code="2">B0001</subfield></datafield><datafield tag="200" ind1=" " ind2="9"><subfield code="0">7</subfield><subfield code="a">- Sonderausg. zu</subfield><subfield code="b">51.1997</subfield><subfield code="f">ZGC 795</subfield><subfield code="g">Zeitschriften</subfield><subfield code="2">B0001</subfield></datafield><datafield tag="200" ind1=" " ind2="9"><subfield code="0">3</subfield><subfield code="b">24.1970 - 50.1996</subfield><subfield code="e">Mikrofiche</subfield><subfield code="f">01s2</subfield><subfield code="g">92</subfield><subfield code="2">P0001</subfield></datafield><datafield tag="200" ind1=" " ind2="9"><subfield code="0">2</subfield><subfield code="b">2008 -</subfield><subfield code="e">aktuelles Jahr und ggf. die letzten 2 Jahre unter Verschluss INFO-Theke Fachbibliothek 5</subfield><subfield code="f">46S10</subfield><subfield code="g">46</subfield><subfield code="2">W0001</subfield></datafield><datafield tag="200" ind1=" " ind2="9"><subfield code="0">3</subfield><subfield code="b">1.1947 - 47.1993; 1994 - 1995,39</subfield><subfield code="e">Mikrofiche-Ausg.</subfield><subfield code="f">46S10+1</subfield><subfield code="g">06</subfield><subfield code="2">W0001</subfield></datafield><datafield tag="200" ind1=" " ind2="9"><subfield code="0">2</subfield><subfield code="e">Lfd. Jg.</subfield><subfield code="f">01S12</subfield><subfield code="g">32</subfield><subfield code="2">K5001</subfield></datafield><datafield tag="200" ind1=" " ind2="9"><subfield code="0">3</subfield><subfield code="e">Lfd. Jg.</subfield><subfield code="f">01S12</subfield><subfield code="g">98</subfield><subfield code="2">K5001</subfield></datafield><datafield tag="200" ind1=" " ind2="9"><subfield code="0">2</subfield><subfield code="b">1.1947 - 4.1950</subfield><subfield code="e">Repr. 1982</subfield><subfield code="f">AMZ 518</subfield><subfield code="2">O9006</subfield></datafield><datafield tag="200" ind1=" " ind2="9"><subfield code="0">2</subfield><subfield code="b">Letzter Jg. u. lfd. Jg.</subfield><subfield code="f">A Spie</subfield><subfield code="g">Campus Minden</subfield><subfield code="2">C5001</subfield></datafield><datafield tag="200" ind1=" " ind2="9"><subfield code="0">24</subfield><subfield code="a">- Index</subfield><subfield code="b">1947 - 1998</subfield><subfield code="f">ZP 350</subfield><subfield code="2">M0005</subfield></datafield><datafield tag="200" ind1=" " ind2="9"><subfield code="0">1</subfield><subfield code="b">1.1947 -</subfield><subfield code="c">[L=1.1947-3.1949]</subfield><subfield code="f">ZP 350</subfield><subfield code="2">M0005</subfield></datafield><datafield tag="200" ind1=" " ind2="9"><subfield code="0">1</subfield><subfield code="b">1.1947 - 52.1998; 1999 - 2018,12; 71.2018,13-18; 72.2018,19 -</subfield><subfield code="e">Neuester Jahrgang im Lesesaal</subfield><subfield code="f">Per. 5323</subfield><subfield code="2">R0003</subfield></datafield><datafield tag="200" ind1=" " ind2="9"><subfield code="0">1</subfield><subfield code="b">1.1947</subfield><subfield code="e">Repr.1979</subfield><subfield code="f">Z 688</subfield><subfield code="2">M1220</subfield></datafield><datafield tag="200" ind1=" " ind2="9"><subfield code="0">1</subfield><subfield code="e">Nur laufender Jg vorhanden</subfield><subfield code="f">Zeitungsleseecke</subfield><subfield code="g">CAZEI</subfield><subfield code="2">RL001</subfield></datafield><datafield tag="200" ind1=" " ind2="9"><subfield code="0">7</subfield><subfield code="a">- Themenheft</subfield><subfield code="b">9.1955,50</subfield><subfield code="f">Oe 11 S 755 Gf.</subfield><subfield code="2">M1052</subfield></datafield><datafield tag="200" ind1=" " ind2="9"><subfield code="0">8</subfield><subfield code="a">- Themenheft</subfield><subfield code="b">10.1956,48</subfield><subfield code="f">Qd 73 S 755 Gf.</subfield><subfield code="2">M1052</subfield></datafield><datafield tag="200" ind1=" " ind2="9"><subfield code="0">1</subfield><subfield code="b">nur laufendes Jahr</subfield><subfield code="f">Z 1232</subfield><subfield code="2">Z9022</subfield></datafield><datafield tag="200" ind1=" " ind2="9"><subfield code="0">1</subfield><subfield code="b">9.1955-22.1968</subfield><subfield code="c">[N=13-15] [L=9-12;16;19;22]</subfield><subfield code="d">[N=13-15] [L=9-12;16;19;22]</subfield><subfield code="f">33/700</subfield><subfield code="2">O9022</subfield></datafield><datafield tag="200" ind1=" " ind2="9"><subfield code="0">2</subfield><subfield code="b">Nur laufender Jahrgang</subfield><subfield code="g">Informationszentrum</subfield><subfield code="h">Zeitschriftenauslage: AZ</subfield><subfield code="2">A0001</subfield></datafield><datafield tag="200" ind1=" " ind2="9"><subfield code="0">7</subfield><subfield code="a">- Extra &quot;Nordrhein-Westfalen&quot; zu</subfield><subfield code="b">2008,Nr.42</subfield><subfield code="f">in ZC 5747-2008,10</subfield><subfield code="2">M0001</subfield></datafield><datafield tag="200" ind1=" " ind2="9"><subfield code="0">1</subfield><subfield code="b">1946,16.Nov. -</subfield><subfield code="e">Als Mikrofilm</subfield><subfield code="2">Z9003</subfield></datafield><datafield tag="200" ind1=" " ind2="9"><subfield code="0">2</subfield><subfield code="b">1.1946,16.Nov. -</subfield><subfield code="c">[N = 1950,1-6; 1950,7-12 unvollst.]</subfield><subfield code="f">IZs 54/444</subfield><subfield code="2">Z9003</subfield></datafield><datafield tag="200" ind1=" " ind2="9"><subfield code="0">9</subfield><subfield code="a">- Themenheft</subfield><subfield code="b">14.1960,25</subfield><subfield code="f">Qd 76 E 34 S 755 Gf.</subfield><subfield code="2">M1052</subfield></datafield><datafield tag="200" ind1=" " ind2="9"><subfield code="0">10</subfield><subfield code="a">- Themenheft</subfield><subfield code="b">15.1961,16</subfield><subfield code="f">Qd 76 E 34 S 755.1 Gf.</subfield><subfield code="2">M1052</subfield></datafield><datafield tag="200" ind1=" " ind2="9"><subfield code="0">1</subfield><subfield code="b">15.1961,52</subfield><subfield code="f">+Zs Spiege 2</subfield><subfield code="g">Foto</subfield><subfield code="2">K6001</subfield></datafield><datafield tag="200" ind1=" " ind2="9"><subfield code="0">1</subfield><subfield code="b">40.1986,23</subfield><subfield code="e">Der gekaufte Sport</subfield><subfield code="f">Fe-4 16</subfield><subfield code="2">M1043</subfield></datafield><datafield tag="200" ind1=" " ind2="9"><subfield code="0">1</subfield><subfield code="b">1.1947,1</subfield><subfield code="f">X Sp/13</subfield><subfield code="2">B2001</subfield></datafield><datafield tag="200" ind1=" " ind2="9"><subfield code="0">9</subfield><subfield code="a">- 1 Beil. zu</subfield><subfield code="b">2012 - 2013</subfield><subfield code="f">ZGC 795</subfield><subfield code="g">Zeitschriften</subfield><subfield code="2">B0001</subfield></datafield><datafield tag="200" ind1=" " ind2="9"><subfield code="b">nur aktueller Jahrgang</subfield><subfield code="f">Z 2000</subfield><subfield code="2">Q1166</subfield></datafield><datafield tag="200" ind1=" " ind2="9"><subfield code="0">1</subfield><subfield code="e">nur aktuelle Hefte vorhanden</subfield><subfield code="f">ZS I 228</subfield><subfield code="g">Standort Sonnenstraße</subfield><subfield code="2">U5001</subfield></datafield><datafield tag="200" ind1=" " ind2="9"><subfield code="0">1</subfield><subfield code="b">Nur jeweils aktuelle wöchentliche Papierausgabe vorh.</subfield><subfield code="f">Signatur in der Bibliothek erfragen</subfield><subfield code="2">M0003</subfield></datafield><datafield tag="200" ind1=" " ind2="9"><subfield code="b">5.1951 ff</subfield><subfield code="f">Az Magazin</subfield><subfield code="2">Z9007</subfield></datafield><datafield tag="200" ind1=" " ind2="9"><subfield code="0">1</subfield><subfield code="b">1.1947,1(4.Jan.); 17.1963,41(9.Okt.)</subfield><subfield code="f">Z 5293 4°</subfield><subfield code="2">Z9024</subfield></datafield><datafield tag="200" ind1=" " ind2="9"><subfield code="0">1</subfield><subfield code="b">21.1967,23-33,37,48</subfield><subfield code="f">Oe 53 S 755</subfield><subfield code="2">M1052</subfield></datafield><datafield tag="200" ind1=" " ind2="9"><subfield code="0">1</subfield><subfield code="e">nur aktueller Jahrgang (ungebunden)</subfield><subfield code="g">SO_ZS</subfield><subfield code="2">I5004</subfield></datafield><datafield tag="200" ind1=" " ind2="9"><subfield code="0">1</subfield><subfield code="e">mehrere Jahrgänge (ungebunden)</subfield><subfield code="g">IS_ZS</subfield><subfield code="2">I5002</subfield></datafield><datafield tag="200" ind1=" " ind2="9"><subfield code="0">9</subfield><subfield code="a">- Beilage &quot;Caravaning&quot; zu</subfield><subfield code="b">2018; 2020</subfield><subfield code="f">in ZC 5747</subfield><subfield code="2">M0001</subfield></datafield><datafield tag="200" ind1=" " ind2="9"><subfield code="0">1</subfield><subfield code="e">nur aktueller Jahrgang - 6 Monate (ungebunden)</subfield><subfield code="g">ME_ZS</subfield><subfield code="2">I5003</subfield></datafield><datafield tag="200" ind1=" " ind2="9"><subfield code="0">1</subfield><subfield code="b">Nur laufender Jahrgang vorhanden</subfield><subfield code="g">01 02 Zeitschriftenauslage / Journal Display</subfield><subfield code="2">F5002</subfield></datafield><datafield tag="200" ind1=" " ind2="9"><subfield code="e">nur die aktuellsten 2 Jahrgänge</subfield><subfield code="f">ZBL Z 200</subfield><subfield code="g">ZSZBL</subfield><subfield code="2">R3001</subfield></datafield><datafield tag="200" ind1=" " ind2="9"><subfield code="0">8</subfield><subfield code="a">- Spezial zu</subfield><subfield code="b">2013</subfield><subfield code="f">in ZC 5747-9</subfield><subfield code="2">M0001</subfield></datafield><datafield tag="200" ind1=" " ind2="9"><subfield code="b">nur laufender Jahrgang</subfield><subfield code="2">T0012</subfield></datafield><datafield tag="200" ind1=" " ind2="9"><subfield code="0">1</subfield><subfield code="b">41.2001</subfield><subfield code="f">Standort in der Bibliothek erfragen</subfield><subfield code="2">M1226</subfield></datafield><datafield tag="200" ind1=" " ind2="9"><subfield code="0">1</subfield><subfield code="b">1.1947 - 50.1996</subfield><subfield code="e">Lfd. Jg. in der Zentralbibliothek, Buer, Horst und Erle vorhanden, Aufbewahrungsfrist: 1Jahr</subfield><subfield code="f">MAG-ZS SPIE</subfield><subfield code="2">Z9013</subfield></datafield></record></metadata></record></ListRecords></OAI-PMH>